2866 4620
605 360 815 423 ..91-

148 560 213 615 ρεν,
234 542 320 615 ἦγεν,
340 542 405 615 ἦγεν
424 542 463 603 εἰς
478 540 562 607 μέλον
581 542 672 595 ridor.
708 542 740 595 ln
758 542 889 610 Euripide
906 543 959 599 hoe
975 544 1063 597 minus
1088 544 1122 599 de
1145 551 1273 614 corrupte

149 628 268 687 meone
285 626 457 697 eegltendum
473 634 550 696 puto,
568 626 648 695 quod,
672 628 722 680 etsi
740 628 845 682 verietu
863 628 993 695 erutione,
1018 630 1130 683 eundem
1148 630 1273 685 dictionis

148 714 265 785 figurem
287 712 410 767 imitetus
430 717 473 767 est
493 711 606 765 Nonnus
622 710 710 765 xnv1
731 715 786 766 157.
805 728 831 780 p.
852 717 925 781 1188,
945 718 975 770 17
998 714 1150 784 ἀκρότατον
1175 716 1206 767 di
1228 715 1273 767 xd-

148 798 260 873 ρυμβον
277 798 389 865 mame·
397 796 473 869 χειρὶ
488 796 585 855 πιέζων
604 796 644 855 ele
661 798 753 865 πείλον,
772 798 812 857 ele
828 798 909 850 πέδον
927 796 1009 869 εἷλκε,
1027 800 1055 854 in
1067 800 1186 855 eiusdem
1197 800 1273 854 labn-

149 886 193 941 lee
209 882 388 953 expositione.
416 881 493 938 Heee
509 880 579 935 ratio
592 880 717 949 loquendi
736 881 862 950 frequens
879 884 906 936 in
919 884 1079 939 Germanice
1097 885 1190 953 lingue
1206 890 1272 939 est«.

149 970 259 1025 llerrn.
275 966 360 1035 εὔρει
376 966 403 1021 A
419 971 449 1020 et
464 964 556 1019 Herm.
574 980 609 1019 ex
626 966 780 1035 Tyrrhitti,
803 967 966 1036 Musgrevii,
989 969 1132 1025 Selimderi
1150 970 1177 1039 (l.
1196 970 1225 1037 l.)
1244 976 1272 1023 et

149 1050 284 1109 Bernnrdi
299 1051 340 1119 (in
356 1050 414 1105 rite
429 1050 531 1105 Reislrii
548 1066 575 1119 p.
593 1052 656 1117 409)
676 1051 837 1118 coniectura,
860 1052 931 1121 ὧροι
948 1054 1011 1107 ΒΜ
1021 1054 1077 1107 Ρολ.
1097 1074 1114 1107 ιι
1131 1054 1225 1122 Steph.
1243 1060 1272 1109 et

149 1138 208 1195 rell·
226 1136 287 1193 edd.
304 1142 368 1191 Ante
384 1136 484 1203 Herm,
503 1134 574 1205 ὧροι
590 1135 654 1198 PV,
673 1134 744 1205 ὧροι
760 1135 793 1188 ii.
817 1166 845 1177 -
866 1136 929 1189 668
947 1138 1082 1206 πήγνυντο
1100 1140 1128 1191 δ’
1147 1139 1221 1192 ὥστε
1238 1140 1272 1207 A,

150 1224 269 1297 ἠγνοον
281 1220 309 1275 δ’
320 1220 395 1275 ὅστε
406 1219 483 1276 codd.
492 1220 558 1273 dett.
570 1220 631 1282 eii,
650 1221 769 1289 πήγνοον
782 1220 856 1273 ὥστε
869 1220 961 1289 Steph.
974 1230 1002 1276 et
1014 1223 1073 1277 rell.
1085 1224 1160 1291 edd,
1177 1224 1271 1293 scripsi

149 1308 272 1381 ιῇρνοτο
291 1306 320 1359 δ’
338 1304 422 1375 ὥστε,
438 1305 484 1359 sel.
502 1320 582 1359 eruor
599 1304 653 1373 ille,
671 1321 751 1373 quem
769 1321 850 1361 surse
866 1308 948 1360 remis
969 1307 1224 1377 circumpingebunt
1236 1340 1270 1350 -

151 1426 217 1483 ees
231 1389 650 1497 mulieries-mpii„
662 1422 759 1479 miv.
777 1455 808 1465 -
828 1425 891 1478 see
910 1426 1063 1495 οοοιιιιιρ
1075 1430 1109 1491 ι,
1127 1425 1188 1478 ore
1208 1424 1270 1496 ορ

150 1512 192 1577 Μ,
210 1510 278 1565 odoi
295 1510 323 1565 ε’
340 1506 386 1579 ἔην
405 1506 471 1576 reli,
488 1508 550 1560 οὐδ’
570 1506 612 1559 ἔτ’
630 1506 675 1577 ἔην
689 1508 792 1576 scripsi.
803 1539 837 1549 —
855 1510 917 1562 670
935 1510 1017 1563 ὄλεσε
1029 1511 1051 1564 Β
1062 1511 1116 1565 Pel.
1125 1512 1159 1579 V,
1176 1510 1272 1563 ὄλεσεν

149 1594 218 1659 rell,
234 1594 316 1651 etiem
333 1594 434 1655 Herm..
452 1592 545 1661 quiin
563 1592 653 1646 ednot.
671 1592 730 1646 erit.
750 1592 862 1646 »ὄλεσεν
880 1594 976 1663 vulgo«
996 1594 1082 1661 uliert,
1103 1598 1180 1664 quasi
1198 1595 1271 1650 eliud

149 1678 216 1749 quid
232 1678 261 1733 in
277 1684 357 1733 textu
374 1676 498 1732 dedisset.
516 1708 550 1718 -
569 1677 624 1729 671
642 1678 790 1748 οὐλομένης
807 1679 882 1732 codd.
902 1687 930 1733 et
947 1678 1006 1734 edd.
1026 1686 1089 1733 ante
1108 1681 1208 1741 Herm..
1226 1682 1272 1748 qui

151 1762 432 1833 δλλομλνηςοοιίροίος
451 1758 554 1814 ὤλεσεν
568 1776 667 1825 omnes,
686 1762 754 1815 idem
772 1778 807 1816 ex
826 1763 965 1831 »vulgate«
984 1762 1064 1817 effert
1075 1766 1166 1819 lierni.
1186 1766 1212 1819 in
1226 1765 1271 1819 nd·

150 1854 206 1905 not
217 1848 278 1903 erit
294 1878 328 1889 -
348 1847 411 1900 ⁶72
429 1847 527 1917 χροιὴν
539 1848 573 1913 A,
592 1853 622 1899 nt
639 1846 705 1900 coni.
720 1847 799 1901 Gesn.
813 1856 840 1900 et
852 1848 981 1903 vertendo
994 1850 1127 1916 expressit
1138 1848 1270 1903 Esehenb.

150 1932 338 2001 (tolerem),
354 1932 478 2000 probarit
496 1932 601 2000 Tyrwh.
621 1938 648 1985 et
665 1931 771 2000 Herm,
789 1932 835 1999 qui
858 1940 947 1985 tumen
962 1936 1059 2002 χροίην
1079 1934 1154 1987 dedit
1172 1948 1270 2000 errore,

151 2032 231 2087 quem
252 2016 366 2071 rsdnuit
386 2016 428 2071 ed
446 2015 614 2084 Weigeliune
638 2023 665 2071 et
687 2018 913 2079 Tunehnitninne;
932 2016 1044 2088 χρονίην
1068 2017 1125 2069 rell.
1145 2016 1222 2070 codd.
1244 2024 1272 2069 et

151 2134 211 2191 ιοι
225 2162 256 2175 -
274 2133 339 2188 ers
358 2134 460 2204 ιροοιη
475 2137 509 2199 A,
526 2101 626 2205 ι’ξοοοιρ
640 2133 675 2199 v,
693 2134 773 2205 ἥρωι
790 2135 824 2200 Bi
845 2136 930 2200 λάρον
949 2136 1032 2189 ueto
1050 2136 1154 2202 norm,
1173 2136 1271 2204 ινοηοι

151 2222 173 2275 1³
190 2226 220 2275 et
236 2219 297 2276 edd.
314 2225 377 2274 ente
388 2219 489 2289 Herm,
511 2222 556 2289 qui
575 2221 656 2274 tacite
675 2236 742 2275 corr.
762 2252 794 2262 -
813 2221 876 2272 576
895 2218 1109 2290 ὐμβριμονιάερη
1122 2218 1190 2281 AV,
1208 2219 1269 2273 lert.

150 2316 233 2373 reete,
249 2304 498 2374 ομβριμοιιανιάτρη
510 2306 542 2359 Β.
555 2334 586 2345 -
606 2305 669 2358 576
688 2321 800 2372 οοιιιιιιιι,
818 2304 891 2373 quod
908 2306 934 2359 in
954 2304 1013 2359 edd.
1025 2305 1095 2359 mule
1113 2311 1175 2372 post
1192 2301 1271 2371 ἄφθι-

151 2406 198 2445 εον
215 2394 289 2452 erut,
310 2394 384 2443 reete
405 2394 467 2456 post
489 2390 558 2458 θῆκε
576 2390 604 2441 δ’
627 2392 718 2458 posuit
741 2391 774 2444 ab
792 2390 947 2444 Hermanno
972 2396 1080 2444 secutus
1102 2389 1207 2457 Tprwh.
1226 2390 1271 2456 qui

150 2474 233 2529 etiem
249 2478 312 2541 post
330 2473 435 2527 πέλοιτο
458 2473 632 2542 interpunxit
655 2504 689 2517 -
712 2475 775 2527 577
795 2476 938 2540 εοοράλιον
962 2474 1053 2528 Herm.
1073 2488 1107 2525 ex
1130 2473 1271 2540 Tprwhitti

151 2558 235 2627 soni,
259 2559 405 2628 zovpult'ou
423 2558 500 2614 codd.
518 2566 547 2611 et
563 2560 622 2614 rell.
640 2559 714 2621 edd.;
739 2560 909 2612 ἀλλάσεσθαι
926 2561 958 2612 Α.
981 2588 1015 2597 -
1043 2557 1106 2609 578
1130 2557 1160 2608 ἓν
1189 2556 1271 2609 tacito

150 2642 257 2709 Herm
273 2642 394 2713 ἀγελείην
413 2644 435 2696 Β
453 2650 516 2697 unte
535 2659 602 2697 corr.
621 2674 653 2685 ·-
673 2644 735 2696 ew
754 2644 843 2711 φῦλλο
860 2642 936 2698 codd.
955 2643 1020 2696 dett.
1039 2642 1101 2707 sil3
1119 2640 1270 2707 φολαοὲμε-

151 2744 195 2781 ναι
210 2726 282 2791 Pei,
299 2726 329 2786 ic
345 2728 379 2795 A,
396 2734 427 2780 ut
444 2729 513 2783 coni.
531 2728 602 2783 Wiel
620 2747 646 2797 p.
664 2734 707 2797 33,
726 2730 764 2789 ελς
782 2729 858 2784 codd.
878 2729 943 2783 dett.
963 2736 990 2782 et
1009 2727 1068 2784 edd.
1088 2758 1120 2768 -
1139 2729 1217 2796 δῆριν
1235 2730 1268 2791 A,

150 2812 231 2879 pem
253 2809 329 2867 eodd
348 2810 414 2865 dett
436 2816 528 2881 (φυσιν
548 2814 581 2882 Β)
606 2814 668 2879 nii,
691 2818 773 2883 φῦσιν
798 2813 889 2883 Steph.
913 2814 1046 2869 Eschenb.
1071 2813 1167 2881 (lesu,
1190 2810 1270 2879 φύειν

149 2894 281 2951 Βοιοιιιλί
307 2896 487 2951 eonieetnrem
513 2899 560 2965 (sd
586 2900 679 2969 Synes.
706 2899 739 2953 de
761 2899 841 2953 Febr.
862 2916 889 2967 p.
910 2902 954 2966 95)
982 2899 1164 2967 probaverunt
1190 2898 1268 2951 Gesn.

149 2978 256 3051 Tyrrh.
268 2978 360 3033 Herm.
381 2980 546 3049 lmprobnvit
565 2983 636 3037 Wiel
652 3000 678 3051 p.
690 2988 736 3039 33:
756 2984 821 3037 »Vel
839 2984 1032 3051 interpretandi
1045 2984 1199 3047 necessitas
1217 2996 1271 3049 qua

150 3062 232 3131 νύξις
248 3065 370 3132 quumvis
381 3066 574 3133 proiectionem
592 3068 743 3136 significare
754 3068 819 3132 vult,
836 3068 902 3122 sutis
919 3068 1037 3122 indicere
1055 3072 1163 3135 poteret
1180 3066 1207 3118 in
1225 3064 1272 3117 ille

150 3148 300 3205 mutatione
327 3165 380 3203 non
407 3151 631 3218 acquiescendum
657 3168 723 3206 esse.
762 3153 857 3221 Neque
879 3152 913 3206 de
935 3153 1029 3220 quovis
1051 3152 1147 3205 itinere
1165 3150 1209 3202 hic
1227 3149 1271 3215 egi

149 3232 317 3289 demonstret
335 3234 474 3303 epitheton
492 3238 628 3307 κροερήν,
652 3244 709 3291 tum
733 3238 853 3305 proxime
876 3237 1061 3306 subsequentis
1080 3249 1172 3288 versus
1189 3232 1271 3285 verbe

150 3320 169 3389 ᾖ
187 3316 299 3389 δολιχὴν
318 3316 409 3387 ἕρπων
430 3323 459 3380 ἐς
475 3321 639 3389 despuitis,
661 3322 776 3390 deniqne
800 3337 881 3390 quum
905 3328 1020 3390 quotuor
1043 3319 1164 3373 versibus
1186 3319 1269 3371 576-

148 3404 201 3459 ew
224 3402 320 3471 [sulm]
339 3403 358 3455 ii
376 3419 468 3459 versus
492 3412 609 3473 quatuor
632 3406 678 3474 qni
701 3406 821 3473 proxime
845 3405 1010 3472 praecedunt
1032 3409 1170 3470 tamquam
1192 3415 1270 3469 peru-

148 3486 244 3555 pliresi
259 3484 374 3555 quedem
392 3487 569 3553 illustrentur,
587 3504 649 3543 enm
666 3488 699 3542 de
718 3505 770 3556 quo
789 3490 893 3556 agitur,
915 3488 958 3542 his
976 3488 1064 3542 verbis
1081 3486 1215 3540 redditum
1233 3486 1270 3538 ri·

149 3568 245 3625 (lenm
265 3572 311 3623 sal
330 3572 386 3642 γὰρ
406 3569 552 3625 Ἐνυαλίοιο
578 3574 644 3625 θοὸν
673 3574 740 3642 δόρυ
763 3574 945 3637 μαινομένοιο.
988 3571 1064 3626 Unde
1088 3570 1152 3638 quid
1174 3569 1271 3623 elarius

148 3670 232 3725 qum
248 3662 358 3725 poetam
379 3657 521 3727 depugnet
543 3656 634 3726 loqui?
671 3657 762 3711 Scribe
780 3657 863 3726 igitur
885 3658 1006 3727 κρυερὴν
1032 3657 1061 3715 ἐς
1081 3653 1177 3717 ἅμοξιν
1195 3654 1271 3704 ἰόντα

148 3776 157 3793 .
175 3780 183 3793 .
200 3780 208 3794 .
227 3740 262 3797 ef.
279 3740 363 3809 Orph.
381 3742 483 3810 Argon.
497 3740 640 3812 Ἡρακλέος
657 3744 808 3812 περίψημον
827 3740 951 3805 dunfini.
982 3742 1057 3808 Quae
1075 3739 1199 3808 probavit
1216 3738 1270 3792 Sei·

148 3822 272 3879 denedet
308 3825 406 3879 lisdem
432 3826 598 3895 argumentis
623 3826 754 3881 Bernerdi
776 3826 857 3895 φύξιν
876 3825 1038 3894 improbavi,
1060 3827 1084 3876 A
1109 3822 1169 3877 libri
1192 3824 1270 3892 δῆριν

149 3907 336 3963 eommendavi
352 3908 381 3963 in
398 3908 486 3977 Epist.
503 3926 530 3978 p.
551 3916 590 3967 16.
607 3940 641 3951 -
659 3911 723 3963 680
743 3912 760 3980 ἢ
777 3913 812 3977 A,
830 3918 858 3964 et
874 3910 965 3963 Herm.
985 3924 1019 3963 ex
1036 3908 1177 3977 Tyrwhitti
1194 3907 1271 3971 oeni..

149 4024 184 4095 ἣν
200 4024 261 4081 rell.
278 4025 402 4082 enideo
419 4026 492 4095 θοὴ
509 4028 667 4099 ἀτορνιητύν
683 4029 715 4097 Β,
733 3994 887 4097 ἀεορπῆτιλν
900 4028 926 4081 V
942 4058 976 4068 -
995 4026 1052 4098 ἔχει
1067 4028 1102 4095 A,
1120 4026 1178 4097 ἔχοι
1195 4024 1270 4081 eodd.
