2866 4620
606 290 816 355 ..81-

152 470 269 527 dormine
285 470 455 542 plenissime«
474 472 542 527 disci
563 486 643 540 posse
661 470 792 541 affirmet,
816 477 844 527 et
860 471 964 541 pergit:
992 474 1065 529 »Nec
1082 473 1195 529 cundem
1213 489 1273 531 ecee

151 558 264 627 tpctrpv
282 557 376 613 dubito
393 574 418 615 1.
437 562 486 613 116
505 558 579 629 [407]
602 558 665 614 iicet
683 558 749 613 illud
767 560 848 614 etium
866 560 995 629 ruspicuri
1014 559 1128 619 subiret,
1150 558 1220 613 forte
1238 572 1272 612 ex

150 640 292 699 undenus
308 658 399 699 errore
417 643 523 699 demum
532 644 639 714 ’θρολτη
657 659 715 698 esse
728 654 823 698 ortum.
851 646 899 714 [Et
912 646 1007 714 ἀφέτην
1021 642 1089 698 coni.
1101 643 1155 697 ium
1168 642 1272 713 Pertiml

150 726 237 795 Quum
255 727 335 783 inoile
352 728 480 784 confundi
497 728 567 783 enim
585 735 699 798 potuere
717 725 739 781 0
757 734 786 783 ct
803 726 831 781 λ’,
869 728 922 787 Sed
936 730 1074 796 antiquum
1089 732 1197 795 oportet
1213 742 1273 782 esee

150 826 277 881 errorem,
294 812 318 867 ri
334 818 408 869 reete
425 828 455 868 se
472 813 571 868 hubent
587 812 654 867 illud
670 813 738 867 Plin.
756 818 797 882 37,
820 817 858 881 10,
876 818 909 867 65
927 813 1034 867 Oritis
1051 818 1084 866 et
1101 828 1118 867 u
1135 811 1273 881 quibun-

150 896 222 953 dum
239 897 402 952 sideritis
419 904 590 953 vocetur«.
623 898 724 953 Contra
740 898 845 952 Herm:
865 897 955 952 ›Mnle
973 898 1055 951 etiam
1072 897 1175 965 colligit
1192 896 1273 966 Ophi·

149 988 196 1037 ton
211 980 328 1037 cundem
345 996 404 1036 οοοο
421 981 620 1049 consuendo,
638 998 655 1036 o
673 998 726 1051 quo
743 982 884 1036 manifeste
902 982 1082 1049 distinguitur.
1118 982 1219 1037 Unicus
1236 981 1273 1037 lo·

149 1082 197 1123 cm
214 1068 262 1137 qui
278 1067 342 1122 huic
364 1066 483 1135 opinioni
504 1067 691 1134 patrocinatur
714 1074 756 1121 est
779 1065 849 1120 infru
867 1082 890 1119 1.
908 1070 1010 1120 :ibo—d
1029 1064 1125 1135 [vulp]
1144 1066 1190 1119 ubi
1208 1067 1274 1120 cutis

149 1159 255 1209 mustut
271 1152 382 1221 ἀφελκην
400 1150 526 1206 mendose
544 1151 624 1205 scribi
642 1167 691 1219 pro
710 1152 828 1223 ορείτην,
851 1164 929 1218 quern
948 1149 1061 1202 eundem
1079 1164 1137 1203 csse
1155 1166 1216 1204 eum
1234 1150 1273 1205 Si-

149 1238 236 1293 derito
259 1242 376 1291 teotctur
397 1236 499 1291 Plinius
515 1252 533 1289 e
550 1236 670 1291 Gesnero
694 1238 817 1291 citatus«.
848 1266 878 1277 ·-
909 1236 973 1288 468
992 1237 1108 1299 κομίζειν
1132 1237 1166 1303 Ρ,
1192 1235 1271 1289 sedo

149 1328 245 1393 postea
263 1320 384 1376 additum
402 1328 430 1376 ot
441 1336 534 1375 rursus
545 1321 652 1389 punctio
665 1321 780 1375 deletum
798 1337 814 1375 u
830 1330 931 1389 n1.pr.;
949 1322 1065 1384 κομίζειν
1084 1321 1138 1375 cii.
1156 1351 1189 1362 -
1208 1321 1272 1375 400

149 1409 259 1461 δίδωσιν
277 1406 360 1461 tacite
376 1407 467 1461 Herm.
485 1436 518 1447 -
537 1407 601 1460 460
619 1406 712 1468 λίθους
728 1407 796 1461 coni.
815 1407 845 1462 0.
858 1406 1004 1461 Schneider
1020 1406 1048 1459 in
1063 1405 1273 1461 Nicandreorunr

149 1490 236 1559 unet
253 1506 281 1561 p.
301 1494 350 1545 166
368 1498 397 1544 et
414 1490 486 1544 Wiel
503 1506 531 1559 p,
542 1494 584 1558 76,
602 1491 727 1559 probavit
745 1491 910 1558 Seidenudel,
927 1492 1009 1550 ιλεούς
1028 1490 1104 1545 codd.
1122 1498 1150 1543 et
1168 1490 1227 1545 odd.
1241 1520 1272 1533 -

149 1576 240 1645 Ιρδιιν
259 1580 288 1630 ct
310 1573 400 1641 ἕρδειν
423 1575 534 1629 iunctim
554 1574 590 1643 V,
614 1575 720 1644 ἕρδειν,
738 1576 810 1637 reli,
828 1586 859 1629 ut
880 1576 999 1640 vidntur,
1017 1576 1088 1645 quod
1106 1577 1220 1631 correxi.
1238 1606 1270 1617 -

149 1662 206 1713 461
223 1661 292 1732 ἐμῆς
308 1658 384 1714 οοάἀ.
403 1666 431 1713 ot
447 1658 506 1714 edd.
520 1667 582 1713 ente
600 1660 702 1727 Herm,
718 1661 765 1728 ἑῆς
783 1662 851 1715 coni.
870 1660 1003 1714 Schrader
1020 1661 1047 1713 in
1060 1660 1171 1715 Emend.
1185 1660 1274 1717 Praei.

150 1760 178 1813 p.
188 1744 240 1801 XV
250 1760 286 1799 ex
299 1745 415 1801 Tuetzue
427 1746 538 1803 Chiliud.
548 1746 615 1800 xiil
631 1751 761 1815 bidem:
783 1744 931 1813 Εὔφορβος
942 1747 1111 1813 ὡραιιὶτατος
1121 1746 1154 1816 ἦν
1168 1764 1208 1806 τις
1226 1750 1273 1802 τοῦ

150 1824 253 1908 Τρόονν
270 1830 368 1898 γένους
390 1830 452 1893 nde
469 1830 584 1885 λλάνάου
604 1833 647 1884 καὶ
668 1831 829 1900 Φρόντιδος,
853 1834 892 1891 ὡς
907 1830 1029 1901 Ὅμηρός
1045 1850 1092 1894 μοι
1110 1832 1195 1899 λέγει,
1216 1832 1272 1901 ’θρ-

149 1914 218 1983 pede
234 1914 267 1967 dd
285 1912 468 1977 Βουκολίωνος
490 1918 534 1968 καὶ
557 1922 605 1985 τῆς
624 1916 812 1986 Ἀβαρβηρέης
830 1917 909 1984 (sici)
933 1925 961 1969 et
980 1915 992 1967 1
1010 1920 1060 1969 228
1068 1931 1106 1983 sq.
1125 1913 1273 1985 Εὔφορβος

149 1995 297 2069 Οράντιάος
312 1999 370 2059 ολάς
388 2002 454 2053 καθ’
472 1998 589 2070 Ὅμηρον
609 2002 652 2052 καλ
670 1997 797 2063 λλάνιλου,
822 1999 936 2070 Ὀρφεὺς
959 2000 1148 2071 Ἀβαρβαρέης
1175 2002 1204 2053 δὲ
1229 2002 1273 2054 καλ

149 2080 313 2153 Βουκολίδην
331 2084 412 2153 λέγει.
430 2085 483 2141 Gir.
496 2093 640 2153 praetereo
657 2086 748 2140 Trete.
766 2086 875 2140 Homer.
888 2090 947 2140 203.
962 2090 1014 2141 223
1031 2087 1120 2156 αὐτὰρ
1138 2086 1171 2155 δὴ
1191 2084 1273 2138 Μινέ-

149 2170 215 2231 λαος
233 2172 409 2242 χροσοκόμην
437 2172 601 2237 κατέπεφνεν
629 2170 843 2241 Βουκολιάην
867 2169 1064 2241 Εὔφορβον,
1084 2168 1273 2241 Ἆβαρβαρὲης

148 2254 229 2323 φίλον
254 2255 318 2308 υἱόν.
353 2255 421 2308 Item
443 2256 491 2324 ἑῆς
512 2256 579 2309 coni.
598 2255 698 2323 Tyrw.,
725 2256 772 2324 qui
793 2256 865 2310 inter
887 2256 941 2310 eliu
963 2257 1032 2311 hacc
1054 2270 1160 2325 quoquc
1183 2254 1271 2311 uddit:

150 2338 223 2393 »Gur
239 2344 330 2394 cutem
353 2346 444 2393 nostor
461 2340 488 2393 in
505 2340 647 2408 hocloco,
671 2348 763 2409 spreto
781 2342 892 2396 Homeri
915 2343 1090 2410 auctoritate,
1113 2342 1156 2395 vel
1180 2347 1273 2395 notum

148 2422 225 2479 iilum
240 2422 424 2492 Euphorbum,
442 2423 557 2478 Panthei
576 2432 603 2477 ot
620 2424 774 2479 Phrontidio
792 2425 883 2490 filium,
902 2426 1075 2481 Aborborcco
1091 2431 1119 2480 et
1131 2426 1274 2482 Bucolioni

148 2508 319 2576 attribuerit,
337 2508 380 2562 vel
397 2523 495 2562 norum
513 2507 647 2577 quendum
664 2509 841 2577 Euphorbum
859 2510 1010 2579 induxerit,
1027 2512 1091 2564 mibi
1108 2527 1162 2565 non
1179 2512 1271 2578 liquot

148 2592 225 2649 Nihil
243 2598 285 2647 eet
301 2592 329 2647 in
347 2592 537 2661 superioribus,
557 2592 629 2662 quod
641 2610 694 2647 non
707 2594 850 2649 Homerico
862 2595 1008 2663 Euphorbo
1027 2595 1127 2663 optime
1142 2594 1273 2661 convenit,

148 2678 219 2733 nihil
234 2678 280 2734 hic
297 2678 369 2746 quod
387 2693 440 2733 non
458 2694 475 2731 n
493 2694 566 2740 vero,
585 2683 615 2731 ut
632 2679 672 2732 ito
689 2680 793 2747 loquor,
810 2681 964 2735 Bucolionis
982 2687 1009 2735 ct
1029 2680 1200 2734 Aborborcoo
1218 2677 1273 2733 filio

149 2762 205 2817 dici
216 2768 332 2833 poterut.
362 2763 477 2818 Mettum
493 2770 583 2818 nutem
598 2762 761 2834 Βουκολίάος
773 2762 893 2833 Αἴσηπος
904 2764 1028 2833 impleret
1038 2780 1091 2818 non
1103 2766 1180 2833 peius
1192 2778 1272 2832 quum

150 2846 317 2921 Βουκολίάης
334 2846 505 2917 Εὔφορβοςι.
531 2881 565 2889 -
591 2850 648 2901 461
668 2850 822 2911 ἐπακούσας
839 2866 873 2904 ex
890 2851 913 2904 B
931 2850 986 2903 Pul.
1005 2850 1103 2918 recepi,
1122 2851 1274 2908 ἐπάκουσας

149 2932 210 2989 reli.
227 2932 305 2988 codd.
323 2939 360 2999 et,
378 2933 450 3003 qnod
466 2935 579 2999 mireris,
599 2936 681 2989 otium
697 2950 790 2989 omncs
808 2933 868 2989 edd.
885 2965 915 2975 -
934 2935 997 2987 466
1012 2933 1187 3004 βουκολώδης
1204 2932 1272 2995 Β7ς

150 3050 276 3122 ἶφθρβθς
292 3052 329 3114 V;
349 3020 452 3121 ἀγαλιοῦ
470 3053 527 3106 Pol.
546 3082 579 3093 —
597 3054 662 3106 464
679 3057 783 3117 μοῦνον
796 3051 957 3107 MPPci.V
975 3058 1003 3105 et
1020 3051 1079 3106 cdd.
1098 3050 1273 3117 0111οΗ61111,

151 3135 200 3203 qui
217 3134 360 3190 Schraderi
378 3138 557 3191 coniecturum
578 3137 615 3204 (in
633 3138 693 3191 Em.
710 3138 798 3191 Praei.
815 3153 842 3205 p.
854 3137 890 3204 X)
907 3138 1012 3201 μούνων
1029 3136 1138 3204 recepit.
1157 3166 1189 3175 -
1209 3134 1273 3187 360

149 3252 202 3325 ᾐδὲ
219 3254 256 3320 V,
273 3205 390 3322 gapatae
408 3254 445 3307 Μ.
474 3284 506 3294 -
539 3252 1275 3308 4666λκει1)Ρα1.7α11.-4671611οο161111

149 3352 247 3393 rursus
259 3338 354 3407 incipit
364 3341 397 3393 A.
406 3369 440 3378 -
452 3338 531 3391 odam
543 3342 578 3401 A,
591 3339 668 3401 mule,
680 3346 755 3407 puio,
768 3338 845 3391 οὔασι
857 3338 919 3404 nii;
939 3339 1083 3391 ἀιιλύνοντα
1095 3338 1117 3391 Β
1127 3336 1158 3390 V.
1167 3367 1201 3377 -
1210 3337 1274 3389 468

152 3454 212 3509 »dre
229 3455 272 3508 καλ
283 3457 380 3524 κωφοῖς
391 3457 423 3509 τὸ
434 3456 542 3508 ἀκούειν
552 3456 712 3526 lepidorum
726 3456 832 3511 Moschi
843 3462 909 3510 nota
920 3456 1029 3510 inedito.
1045 3485 1078 3496 —
1093 3420 1222 3525 ἀρλὴκοον
1234 3453 1274 3520 V;

151 3541 238 3606 ἔμμεν
247 3541 378 3610 Amphi,
390 3541 483 3605 ἔμμεν
497 3541 598 3595 diserte
609 3542 701 3595 notovi
714 3557 747 3595 cx
761 3542 781 3595 P
794 3548 821 3594 ot
835 3540 903 3605 cdd,
917 3539 987 3609 quod
1000 3556 1067 3596 corr.
1078 3542 1169 3595 Herm.
1181 3540 1209 3592 in
1219 3538 1273 3592 Ad·

151 3623 257 3679 dcudic.
273 3656 300 3665 -
319 3626 403 3695 ἀϋτῆς
412 3629 438 3679 A
450 3632 479 3679 et
490 3625 560 3680 idom
573 3626 639 3693 legit
651 3628 813 3694 epitomator
824 3625 956 3695 (ὁμιλίας),
973 3626 1067 3692 ἀοιδῆς
1078 3623 1153 3679 codd.
1167 3623 1231 3677 dett.
1245 3629 1274 3676 ct

150 3708 222 3775 edd,
240 3710 312 3777 quod
323 3710 367 3764 hic
377 3712 497 3779 ineptum
510 3710 616 3778 (vocis
628 3711 709 3763 vertit
721 3710 874 3775 Eschenb.).
894 3740 924 3750 —
945 3711 1008 3761 469
1024 3709 1102 3778 χόλυι
1115 3709 1152 3773 Α;
1167 3712 1276 3778 χρυσῆς

151 3794 231 3851 codd.
243 3804 272 3849 oi
283 3795 343 3849 edd.
354 3802 417 3849 anie
429 3795 521 3849 Herm,
536 3826 567 3836 -
587 3796 652 3847 470
668 3796 753 3862 γάμον
766 3794 828 3848 BV.
843 3824 876 3835 -
889 3794 953 3846 472
969 3792 1023 3845 εἷκε
1035 3793 1056 3846 Ρ
1068 3792 1129 3857 cif;
1141 3790 1237 3855 βάλοις
1248 3793 1273 3843 Δ

151 3879 282 3934 MPPul.
300 3888 329 3933 et
345 3879 403 3934 cdd.
423 3886 485 3933 unte
503 3879 604 3947 Herm,
623 3880 668 3947 qui
685 3879 776 3949 βάλῃς
793 3878 887 3941 edidit,
904 3877 1015 3941 βάλλοις
1032 3875 1093 3929 BV.
1112 3906 1143 3916 -
1161 3875 1275 3945 ἀνοσιδὴν

151 3964 219 4031 Pu,
236 3964 342 4033 ὠάοάὴν
354 3963 377 4016 Β
387 3964 408 4016 Ρ
420 3963 443 4015 V
456 3964 517 4024 cif3
537 3978 605 4018 corr.
617 3965 669 4017 inm
687 3963 779 4018 Perdr.
787 3983 795 4025 ς
814 3964 883 4015 ποτὰ
896 3963 926 4015 Β.
945 3992 977 4002 -
1001 3961 1065 4012 473
1084 3961 1147 4013 οὐδὲ
1159 3978 1185 4013 τι
1197 3960 1274 4015 codd.

152 4049 215 4116 nir,
233 4050 312 4117 mne,
330 4050 377 4103 cfr.
396 4065 420 4102 ν.
432 4052 491 4103 ουν.
511 4078 544 4091 -
560 4052 638 4113 μου
656 4047 806 4102 oeruv
824 4047 888 4113 ι11;
906 4045 995 4099 onero
1012 4046 1065 4099 oe
1083 4045 1146 4111 ι11;
1161 4051 1223 4117 μσς
1241 4044 1275 4098 A.

202 4138 285 4184 noer,
299 4135 381 4187 Orphei
394 4136 487 4177 nitrien.
1055 4135 1072 4185 d
