2866 4620
608 303 840 366 -163ω

165 488 262 569 bicus,
285 488 424 570 virginis.
468 485 566 569 Lapis
588 488 751 570 septimus,
777 487 831 569 qui
853 485 970 550 dicitur
991 484 1159 565 ostracitis,
1184 485 1287 569 capri·

161 590 270 656 cornii.
308 590 349 654 Hi
374 589 548 673 quaerendi
571 589 746 670 tibiarum,
768 594 805 653 ut
828 587 950 652 habeas
972 609 1030 671 per
1044 608 1138 654 omne
1159 592 1286 672 tempus

161 692 244 756 vitae
265 696 341 756 tuae
361 691 395 755 in
417 691 596 756 custodiam
624 691 780 768 divinam,
812 694 846 754 et
877 709 973 754 sanus
1002 690 1064 753 eris
1093 694 1126 754 ct
1155 711 1285 756 securus

160 814 295 876 semper.

161 963 329 1052 Incipiunt
350 962 477 1032 indicia
499 962 702 1033 valitudinis
725 962 765 1032 de
788 962 956 1052 lapidibus
987 963 1022 1032 et
1044 981 1158 1033 eornm
1179 964 1318 1034 virtu-s

437 1064 529 1135 tibus
552 1065 782 1150 Damigeronls
805 1064 1000 1134 doctissimi.

535 1198 560 1262 Ι.
594 1198 717 1279 Lapis
740 1198 905 1264 Abtites.

247 1311 369 1375 nautes
391 1331 466 1376 vero
489 1310 571 1391 lapis
601 1310 774 1372 maximum
802 1315 939 1374 naturae
965 1315 1196 1391 tutamentum3
1228 1310 1283 1378 do

159 1411 248 1474 navit
274 1411 352 1475 dens
382 1410 467 1475 hunc
495 1411 630 1492 primum
666 1409 804 1491 lapidem
840 1409 1023 1476 hominibus
1051 1412 1280 1477 munimentum

158 1513 264 1593 gratia
292 1512 416 1576 salutis.
468 1515 632 1594 Quemque
664 1511 771 1594 aquila
800 1517 977 1595 apportans
1012 1534 1083 1577 eum
1111 1514 1144 1577 in
1171 1514 1279 1579 nidum
1301 1533 1335 1586 lo

159 1635 251 1679 suum
279 1614 320 1678 ab
351 1615 500 1679 extremis
528 1613 675 1696 partibus
705 1615 791 1678 orbis
817 1621 974 1678 terrarum
1001 1614 1281 1680 custodiendorum

157 1736 288 1780 ovorum
311 1737 441 1781 suorum
465 1736 562 1780 causa
586 1763 743 1780 .......
769 1716 891 1779 aetites
914 1721 963 1780 est
992 1715 1074 1797 lapis
1096 1716 1202 1782 colore
1224 1737 1281 1799 pu·

157 1817 255 1896 niceo,
278 1819 345 1881 visu
367 1817 559 1906 asperrjm03
585 1822 617 1881 et
639 1816 737 1879 habet
757 1816 840 1879 inira
861 1836 895 1879 se
912 1815 1045 1880 alterum
1062 1816 1211 1898 lapidem,
1228 1839 1279 1884 ve-

156 1917 215 1983 luti
236 1939 426 2002 praegnans.
462 1917 556 1982 Utilis
578 1923 627 1982 est
648 1917 833 1982 mulieribus
856 1918 1120 2000 praegnantibus:
1146 1919 1280 1984 circum-

155 2019 271 2102 ligatus
291 2022 372 2084 enim
397 2020 527 2084 bruchio
548 2021 675 2085 sinistro
698 2038 760 2083 non
784 2020 942 2102 permittit
956 2020 1106 2085 feminam
1122 2020 1278 2085 aborsum
1300 2041 1330 2092 15

223 2157 236 2208 1
259 2154 392 2208 ostracitis
404 2155 531 2223 scripsi
551 2171 589 2208 ex
605 2155 690 2207 Plin.
710 2156 752 2216 37,
767 2159 823 2215 155,
842 2155 994 2208 ostracbitis
1007 2174 1019 2205 c
1028 2173 1055 2220 ρ.
1073 2186 1107 2194 -
1128 2157 1180 2210 12
1195 2155 1280 2222 capri·

156 2239 261 2293 cornio.
279 2270 313 2278 -
332 2241 351 2290 2
369 2239 411 2292 his
429 2257 456 2304 ι;
480 2271 505 2278 -
526 2239 587 2291 Sin
600 2258 646 2292 om.
662 2256 694 2304 ρ;
719 2269 738 2277 -
762 2240 819 2290 116
834 2239 949 2306 titulum,
962 2240 989 2291 in
1007 2255 1059 2306 qno
1072 2239 1280 2307 amigeronis

154 2322 237 2376 habet
250 2324 278 2389 0,
297 2323 415 2376 iunctas
433 2322 563 2389 relegavit
581 2323 668 2383 Pitra;
686 2352 721 2360 -
741 2322 875 2375 '7ethiten
894 2339 917 2388 03
937 2354 970 2361 -
989 2323 1126 2375 8ethiten
1142 2323 1173 2388 03
1193 2323 1280 2391 lapis

154 2423 208 2461 non
221 2407 368 2474 lapidem
381 2407 452 2475 quod
462 2407 537 2460 Pitra
550 2422 584 2459 ex
597 2422 628 2459 eo
642 2407 754 2473 profert,
771 2407 797 2458 G.
810 2436 840 2446 ι-
854 2408 889 2458 10
899 2423 1003 2474 queque
1015 2429 1036 2459 c.
1049 2439 1082 2448 -
1099 2410 1127 2460 11
1139 2409 1172 2462 ob
1184 2408 1279 2461 horum

154 2507 263 2546 suorum
278 2491 310 2557 θ’,
322 2523 355 2530 -
372 2493 399 2542 11
412 2491 439 2543 in
451 2510 464 2542 ο
476 2490 549 2543 nulla
562 2490 673 2542 lacunae
688 2489 778 2555 signa;
795 2489 903 2558 [tradu
912 2491 970 2558 cit]
985 2491 1043 2557 (sic)
1057 2491 1192 2560 supplevit
1197 2510 1217 2556 ρ
1224 2511 1233 2552 ι
1246 2521 1279 2530 -

155 2577 255 2630 ethiten
266 2594 293 2642 ⁶3
306 2576 428 2643 pumiceo
439 2595 465 2636 c;
479 2608 495 2613 -
521 2576 556 2626 13
567 2575 698 2641 asperima
708 2593 733 2640 σς
746 2575 815 2626 intra
825 2594 845 2636 c,
859 2573 990 2642 probante
1000 2576 1105 2643 Ringio,
1118 2592 1177 2629 cum
1190 2575 1279 2629 infra

155 2667 182 2714 at
199 2661 290 2715 intra
308 2662 335 2714 in
348 2661 453 2728 vulgari
472 2660 563 2727 lingua
582 2659 653 2713 idem
666 2657 887 2731 significaverint;
906 2661 978 2713 intra
992 2680 1017 2726 ρ.
1046 2661 1089 2714 Ad
1107 2662 1175 2714 haec
1193 2667 1221 2714 et
1238 2676 1278 2715 se·

154 2746 264 2815 quentia
283 2746 328 2798 cir.
348 2761 418 2813 quae
436 2744 494 2797 Val.
507 2745 578 2797 Rose
600 2744 627 2796 in
647 2744 748 2797 Herma
765 2745 803 2797 IX
818 2761 843 2811 p.
856 2749 926 2798 481-
951 2750 1002 2799 482
1024 2747 1117 2799 citavit
1140 2746 1175 2798 'ex
1196 2747 1277 2802 Aetio

153 2829 238 2885 1132:
258 2827 299 2881 Ἐκ
317 2834 367 2881 τοῦ
391 2829 455 2896 περί
477 2828 562 2879 λίθοιν
582 2829 780 2897 Δημοσθένους
811 2828 882 2897 [Ηοο
907 2829 1003 2882 lemma
1027 2828 1130 2882 addidit
1148 2830 1219 2885 Rosa
1243 2847 1278 2885 ex

154 2914 249 2983 codd}
280 2915 363 2974 Λίθος
381 2915 497 2980 ἀετίτης.
516 2915 530 2964 ὁ
548 2913 577 2963 ἐν
597 2917 635 2983 τῷ
654 2914 789 2965 κινεῖσθαι
807 2914 872 2985 ἦχον
893 2915 1045 2983 ἀποτελῶν,
1064 2916 1102 2973 ὡς
1118 2916 1217 2982 ἑτέρου
1235 2916 1277 2984 ἐγ·

153 3000 242 3064 κύριον
268 3000 344 3052 λίθου
364 3001 503 3070 ὑπάρχων.
532 2999 658 3068 κατόχιον
678 2999 807 3066 ἐμβρύων
827 2999 899 3051 ἐστίν
919 3000 983 3050 ὅταν
1002 2999 1147 3069 ὀλισθηραὶ
1165 3000 1229 3052 ὦσιν
1248 3002 1277 3052 αί

152 3090 255 3154 μῆτραι
273 3087 492 3153 περιαπτόμενος
503 3085 630 3154 βραχίονι
645 3086 793 3154 ἀριστερῷ.
813 3086 841 3135 ἐν
861 3086 890 3136 δὲ
903 3090 942 3154 τῷ
955 3090 1041 3154 καιρῷ
1060 3090 1108 3153 τῆς
1120 3084 1277 3144 ἀποτέξεως

154 3167 224 3237 ἄρας
241 3171 271 3222 ἐκ
288 3175 336 3222 τοῦ
354 3171 516 3241 βραχίονος,
536 3170 671 3235 περίαπτε
690 3174 733 3238 τῷ
751 3173 847 3240 μηρῷ,
865 3170 908 3222 καὶ
935 3169 1012 3227 ἐκτὸς
1030 3170 1136 3219 ὀδυνῶν
1156 3168 1273 3225 τέξεται,

153 3253 210 3308 ἔστι
223 3255 252 3306 δὲ
264 3256 308 3306 καί
320 3256 523 3324 κλεπτέλεμχον,
536 3254 560 3303 ελ
573 3253 678 3322 ἐπιθείη
689 3271 728 3311 τις
745 3254 825 3304 αὐτὸν
840 3254 878 3311 είς
891 3257 938 3305 τὸν
953 3253 1166 3320 προφερόμενον
1181 3249 1274 3320 ἄρτον.

153 3340 239 3408 ὁγὰρ
257 3339 358 3404 κλέψας
376 3339 423 3389 οὐκ
441 3337 473 3388 ἂν
493 3338 621 3407 δυνηθείη
640 3339 777 3388 καταπιεῖν
797 3338 830 3388 rd
847 3339 1016 3405 μασηθέντα.
1040 3337 1109 3409 paui
1126 3337 1156 3388 δὲ
1174 3337 1214 3388 ὅτι
1232 3337 1275 3389 καί

152 3425 383 3489 συνεψούμεναςὸ
397 3423 505 3491 ἀετίτης
523 3423 581 3480 τοῖς
599 3423 733 3484 ἐδέσμασι
745 3420 941 3493 κλεπτέλεγχον
953 3425 1064 3490 γίνεται.
1083 3423 1116 3473 οδ
1128 3422 1182 3489 γὰρ
1197 3423 1275 3492 δυνή-

152 3527 230 3561 σεται
247 3511 262 3560 ὁ
280 3509 380 3574 κλέψας
397 3510 536 3559 καταπιεῖν
561 3506 594 3557 τὰ
613 3507 662 3558 σὺν
682 3507 756 3576 αὐτῷ
775 3507 924 3571 ἑψοόμενα.
948 3507 1071 3567 λειωθείς
1095 3508 1125 3558 δὲ
1148 3506 1192 3557 καί
1211 3507 1274 3558 δνα-

151 3591 354 3658 λαμβανόμενος
366 3596 479 3664 κηρωτῇ
492 3590 675 3659 σκεδασθείσῃ
690 3590 732 3640 διὰ
744 3591 873 3657 κυπρίνου
887 3590 977 3642 ἐλαίου
990 3595 1007 3662 ἡ
1019 3591 1158 3659 γλευκίνου
1172 3589 1189 3660 ἦ
1202 3610 1273 3651 τινος

152 3678 251 3745 ἐτέρου
270 3681 325 3731 τῶν
344 3677 550 3745 δερμαίνόντιον
575 3676 678 3743 ὀνίνησι
694 3674 819 3740 μεγάλως
837 3676 901 3734 τοὺς
920 3679 1097 3744 δρθριτικοδς
1119 3678 1162 3728 καί
1186 3696 1272 3744 παρα-

151 3761 281 3822 λυτικούς.
307 3793 336 3801 -
356 3764 390 3814 15
410 3762 536 3816 bracchio
555 3779 581 3822 σς
596 3790 625 3799 -
640 3760 763 3812 abortum
776 3780 802 3826 ρ,
822 3761 985 3829 aborsum,
1005 3761 1075 3830 quod
1088 3763 1194 3828 retinui,
1212 3778 1272 3816 cum

151 3848 244 3902 codem
262 3847 391 3902 vocabulo
410 3863 473 3900 usus
486 3847 521 3899 sit
539 3852 634 3898 auctor
652 3845 712 3897 libri
730 3845 763 3898 de
782 3854 880 3898 natura
899 3862 987 3899 rerum
1009 3847 1136 3914 [Thomas
1154 3847 1272 3901 Braban·

150 3931 232 4003 tinus]
252 3932 298 3985 ubi
310 3933 344 3986 de
363 3932 457 3985 eodem
470 3931 552 3985 aetite
566 3929 655 3996 lapide
668 3929 829 3983 Marbodum
841 3936 948 3984 secutus
960 3931 1066 3984 disserit
1083 3936 1136 3999 (ap.
1150 3930 1271 3984 Vincent

150 4017 251 4073 Bellon.
271 4018 286 4070 l.
297 4019 314 4070 l.
333 4034 390 4086 cap.
404 4017 531 4083 LXlilll:
554 4015 761 4069 ›Efficacissime
779 4023 941 4082 pregnantes
958 4016 1044 4070 iuvat:
1063 4032 1097 4069 ne
1116 4016 1270 4070 aborsum

149 4104 250 4158 iaciant
267 4104 310 4157 vol
327 4104 354 4156 in
372 4112 452 4173 partu
470 4104 588 4172 graviter
605 4102 736 4169 laborent,
754 4101 781 4154 in
799 4103 859 4155 levo
879 4101 977 4155 lacerto
995 4103 1097 4170 portari
1114 4103 1195 4155 vultu

1019 4191 1063 4241 11·
