2866 4620
593 341 827 405 -169-

149 525 259 584 cetera
286 541 367 603 quae
395 529 452 586 tua
473 529 568 604 sunt,
600 534 633 590 et
655 524 777 591 videbis
799 526 931 608 gloriam
953 528 1085 611 lapidis,
1116 550 1214 614 quam
1243 530 1274 595 ci

153 620 232 685 deus
255 623 418 688 concessit.

462 743 533 810 VH.
567 747 712 829 Lapius
740 748 959 815 Corellius.

236 860 392 927 corallius
413 863 496 946 lapis
519 865 676 931 maximas
698 866 797 931 habet
820 869 901 932 vires
924 876 956 934 et
977 871 1133 953 magicam
1155 876 1274 935 tracta·

152 960 273 1026 tionem
297 969 330 1028 et
351 964 384 1027 in
405 967 530 1030 maiora
552 969 680 1048 negotia
700 976 872 1034 moventes.
918 971 976 1035 Est
998 973 1082 1036 enim
1105 979 1218 1052 tenax,
1241 977 1307 1042 eto

151 1064 260 1128 omnia
290 1066 418 1149 repellit
445 1068 639 1131 somniorum
670 1069 808 1134 ludibria
830 1092 888 1135 suo
909 1073 1061 1138 remedio.
1099 1073 1274 1140 Maximum

156 1173 262 1231 autem
275 1172 488 1233 tutamentum
502 1169 653 1234 adversus
664 1173 729 1235 iras
741 1171 941 1237 dominorum
951 1175 1142 1256 insculptum
1158 1178 1275 1242 n'omen

153 1268 342 1348 noctilucae,
365 1269 426 1334 hoc
449 1280 498 1335 cst
519 1271 657 1336 Hecates
684 1274 806 1355 signum
829 1280 884 1339 aut
907 1274 1064 1357 Gurgonis
1086 1299 1273 1360 personam

153 1376 287 1452 portans
309 1380 418 1436 autem
442 1394 512 1437 eum
536 1394 708 1458 numquam
731 1378 874 1458 capietur
894 1377 1016 1441 anullo
1031 1378 1273 1458 medicamento,

152 1492 211 1536 nec
234 1493 253 1537 a
276 1474 429 1539 fulminea
451 1474 566 1538 umbra
587 1477 745 1552 immissa3
768 1484 800 1541 et
821 1479 854 1541 in
870 1477 953 1542 bello
970 1500 1097 1562 quoque
1120 1490 1153 1546 et
1167 1502 1274 1564 pugna
1295 1495 1326 1547 10

149 1575 322 1640 maximum
345 1576 538 1641 adiutorium
562 1583 618 1642 est.
664 1577 818 1642 Invictum
842 1585 874 1644 et
896 1581 1057 1646 efficacem
1080 1588 1113 1646 et
1134 1584 1275 1665 impene-

150 1676 300 1742 trabilem
322 1681 389 1744 siue
410 1682 524 1745 timore
547 1688 580 1745 et
601 1682 668 1745 sine
690 1682 820 1746 tristitia
843 1690 875 1746 et
896 1703 1041 1748 securum
1057 1684 1134 1748 facit
1148 1690 1275 1766 gestan·

151 1787 217 1847 tem
239 1804 312 1848 eum
337 1790 369 1848 et
391 1784 484 1848 facile
505 1785 731 1867 impetrantem
754 1792 786 1848 et
800 1785 964 1849 introitum
984 1785 1076 1850 iacile
1091 1785 1272 1850 habentem.

153 1885 324 1950 Praeterea
340 1892 541 1950 consecratus
557 1892 589 1949 et
604 1886 759 1950 contritus
781 1892 813 1950 et
827 1888 1003 1952 seminatus
1025 1908 1097 1952 cum
1113 1888 1273 1953 frumento

153 1993 212 2053 aut
233 1987 353 2053 hordeo
376 1995 433 2052 aut
455 1987 563 2070 aliquo
587 1989 702 2066 fructu,
726 1996 851 2052 amovet
873 1987 913 2052 de
936 1995 1021 2053 terra
1036 1988 1225 2070 grandinem
1241 1995 1274 2053 et
1295 2003 1326 2052 lt

152 2110 276 2155 omnem
300 2092 513 2174 perniciosam
537 2095 778 2173 tempestatem
807 2091 937 2174 insuper
965 2091 997 2154 in
1020 2091 1118 2155 vineis
1141 2097 1198 2154 aut
1219 2090 1275 2155 oli-

149 2193 229 2260 vetis
253 2194 416 2278 dispersus
439 2193 566 2277 repellit
589 2215 713 2259 omnem
737 2195 905 2259 exitiosum
927 2196 1081 2277 impetum
1097 2201 1274 2258 ventorum.

231 2333 244 2382 1
263 2346 394 2399 quamque
413 2331 438 2384 ei
448 2350 473 2397 p.
491 2361 525 2371 -
543 2332 563 2382 3
583 2331 623 2383 Da
641 2329 750 2385 corallio
769 2331 817 2384 cfr.
835 2345 903 2398 quac
921 2327 1224 2383 Pseudo-Dioscorides
1241 2341 1276 2380 ex

154 2414 332 2482 Damigerone
351 2416 433 2469 latino
452 2415 533 2469 habet
551 2432 594 2483 ap.
613 2414 687 2468 Vinc.
708 2414 809 2467 Bellov.
828 2414 844 2467 l.
863 2414 878 2467 1.
898 2429 956 2481 cap.
975 2411 1049 2466 LVI:
1079 2412 1273 2467 »Dioscorides

152 2498 235 2567 Lapis
253 2499 377 2553 corallius
394 2500 523 2553 maximas
540 2500 623 2552 habet
640 2500 760 2552 virtutes.
796 2500 846 2552 Est
865 2499 933 2552 euim
956 2506 1037 2551 tenax
1055 2506 1082 2552 et
1100 2499 1189 2551 omnia
1207 2512 1274 2550 som-

156 2584 260 2638 niorum
277 2584 392 2640 ludibria
409 2585 517 2654 repellit
534 2592 616 2652 atquc
634 2584 668 2638 ab
686 2584 756 2638 omni
774 2583 902 2637 maleficio
921 2590 1002 2652 atque
1020 2582 1121 2638 umbris
1135 2583 1275 2635 demonum

152 2675 181 2721 ct
199 2669 322 2724 inanibus
334 2671 428 2725 studiis
440 2671 557 2725 custodit
575 2669 621 2723 sed
635 2676 662 2722 et
679 2669 832 2722 fulminibus
846 2669 926 2722 etiam
944 2669 971 2720 in
983 2668 1044 2720 navi
1057 2667 1142 2720 ventis
1165 2675 1193 2720 et
1209 2673 1275 2722 tem-

152 2756 302 2823 pestatibus
320 2757 448 2823 resistit,r
474 2771 543 2824 quae
566 2755 678 2809 licenter
699 2753 840 2807 immutata
858 2767 916 2806 esse
935 2767 1046 2821 graccus
1068 2759 1159 2805 textus
1177 2754 1275 2822 arguit,

154 2843 230 2895 cuius
247 2857 371 2910 magnam
390 2842 423 2895 de
440 2841 539 2896 corallo
557 2847 662 2910 partem
682 2856 763 2907 supra
774 2838 801 2891 in
814 2838 981 2892 Lithicorum
998 2838 1115 2906 epitoma
1133 2852 1166 2890 ex
1184 2837 1276 2892 codice

150 2926 282 2981 Vaticano
301 2928 386 2993 edidi3
400 2959 429 2967 -
444 2927 567 2982 corallios
587 2928 621 2989 03
635 2957 669 2968 -
680 2928 703 2978 4
716 2925 825 2980 corallio
844 2943 870 2991 c;
890 2930 952 2978 ante
970 2924 1133 2991 magicam
1151 2923 1212 2977 fort.
1231 2923 1276 2977 ad·

151 3011 266 3066 dandum
284 3014 325 3066 in.
346 3044 374 3051 —
396 3014 415 3065 6
435 3013 542 3081 repellit
561 3028 622 3080 ego
641 3028 681 3066 ex
699 3013 809 3065 Diasc.
828 3019 861 3064 et
878 3010 1004 3076 Damig.
1023 3024 1160 3077 graeco,
1184 3008 1274 3075 expel-

152 3096 255 3163 litcp;
282 3100 506 3168 sompniorumc;
538 3130 564 3138 -
600 3098 618 3150 ⁷
649 3097 858 3152 dominorum
881 3111 930 3163 pro
954 3092 1210 3147 daemoniorum
1234 3092 1277 3145 vel

154 3182 294 3237 deorum
307 3185 436 3253 scriptum
448 3201 505 3239 csse
517 3191 596 3254 putat
608 3182 691 3249 Pina,
705 3182 783 3244 male,
796 3181 843 3235 cfr.
855 3182 926 3247 πρὸς
938 3179 1024 3246 ὀργὴν
1037 3177 1172 3229 δεσπότου
1184 3177 1212 3229 in
1224 3177 1277 3229 Dt-

994 3258 1009 3286 n

152 3303 213 3370 mig.
227 3318 324 3370 graeco
331 3324 338 3364 ;
352 3305 512 3371 insculptum
522 3304 584 3357 Rin
592 3319 617 3371 g,
630 3301 764 3369 sculptum
773 3320 786 3352 c
793 3319 820 3367 p,
832 3314 928 3353 nomen
938 3317 966 3363 p,
978 3313 996 3350 n
1008 3297 1068 3361 (sict
1085 3293 1117 3356 C;
1129 3327 1159 3335 —
1170 3296 1191 3346 8
1205 3301 1277 3348 etate

155 3387 185 3454 0,
203 3387 323 3440 Hecates
335 3407 362 3455 p,
382 3395 464 3449 recte,
483 3394 515 3441 ut
532 3392 647 3456 apparet
659 3403 693 3440 ex
706 3386 811 3453 Damig.
824 3399 930 3452 graeco.
952 3413 978 3421 -
1001 3383 1125 3434 Oautem
1143 3396 1204 3433 eum
1221 3397 1276 3434 om.

148 3493 178 3541 p,
196 3475 242 3542 qui
260 3490 364 3529 comma
381 3481 443 3541 post
460 3482 616 3541 portans,
641 3488 694 3526 non
715 3479 777 3540 post
795 3483 973 3537 personam
991 3466 1089 3534 posuit.
1124 3465 1184 3532 Ego
1202 3480 1277 3533 grae·

153 3575 214 3615 cum
226 3568 330 3615 textum
343 3568 450 3615 secutus
462 3560 672 3627 Insculptum
684 3573 755 3610 nom
764 3571 802 3608 en
814 3561 865 3609 etc.
875 3569 934 3607 cum
947 3550 1129 3620 superioribus
1141 3550 1275 3613 coniunxi,

152 3662 241 3713 cump
259 3662 355 3700 novam
367 3646 454 3701 abhis
471 3644 560 3698 verbis
578 3644 722 3711 incepisset
739 3640 904 3696 sententiam.
922 3669 955 3678 -
974 3637 1078 3704 umbra]
1098 3636 1173 3689 vibra
1191 3637 1269 3689 coni

150 3730 239 3799 Ring
262 3748 279 3784 a
300 3730 542 3784 verbovibrare
561 3731 669 3782 ductum
688 3734 719 3780 ut
736 3741 847 3795 pugna
864 3740 881 3779 a
898 3738 1062 3792 pugnare,
1080 3721 1198 3775 collatis:
1219 3721 1277 3774 Me·

152 3819 250 3872 moires
267 3815 300 3868 de
318 3817 345 3870 la
357 3833 408 3872 soc.
423 3816 456 3871 de
468 3816 585 3884 linguist.
605 3814 637 3867 de
656 3814 732 3867 Paris
749 3812 787 3865 IV
805 3813 921 3873 iasc.1.,
938 3808 1061 3862 Rousch:
1080 3807 1149 3860 Itala
1161 3823 1186 3860 u.
1198 3804 1277 3875 Vulg.

151 3917 179 3970 p.
197 3906 240 3969 84,
258 3902 393 3956 Paucker:
412 3901 445 3956 de
464 3902 597 3956 latinitate
615 3900 780 3968 Scriptorum
798 3899 867 3952 Hist.
885 3899 947 3964 Aug
973 3913 999 3963 p.
1012 3899 1108 3963 tlsqq.
1129 3922 1155 3932 -
1176 3895 1204 3945 11
1222 3890 1278 3946 effi·

152 4001 204 4041 cax
218 3989 254 4056 03
273 4019 302 4028 -—
321 3989 356 4040 12
375 3989 431 4042 sins
449 3988 559 4041 tristitia
576 3995 604 4040 et
622 4001 679 4039 om.
693 4003 720 4051 p.
737 4012 772 4025 -
789 3985 824 4035 13
842 3989 870 4035 et
886 3982 993 4034 facilem
1010 3981 1073 4048 imp.
1086 3998 1113 4041 οι
1135 4009 1163 4018 -
1183 3978 1218 4030 16
1236 3992 1279 4032 or·

152 4070 202 4127 deo
221 4091 248 4141 c;
262 4105 290 4114 —
305 4075 340 4126 15
359 4080 492 4128 ammovet
509 4089 537 4137 ⁰3
553 4102 577 4111 -
593 4072 627 4124 16
640 4070 812 4138 pernitiosam
831 4085 858 4134 c;
875 4098 907 4109 -
926 4067 959 4120 17
979 4065 1128 4134 dispersum
1146 4081 1173 4131 c·,
1191 4093 1225 4104 -
1242 4063 1278 4116 18

152 4158 297 4214 exiciosum
315 4159 431 4227 impetus
448 4176 469 4212 c.
1045 4173 1048 4178 ·
