2866 4620
606 363 647 376 -
694 326 755 390 170
788 276 840 375 '-

155 517 194 582 ln
215 517 312 582 domo
333 523 442 581 sutem
464 518 589 599 positus
609 518 778 578 conservat
805 511 848 576 ub
873 512 960 577 omni
981 509 1140 574 maleficio
1161 514 1197 575 et
1217 531 1287 575 um·

158 616 227 682 bris
249 617 488 682 doemoniorum
511 622 545 680 et
565 613 655 678 vonis
683 613 814 676 somniis
836 619 869 677 et
890 611 1055 677 fulminum
1076 611 1206 677 ictibus.
1247 612 1285 677 ln

154 740 236 784 nave
257 718 319 783 hoc
340 719 369 782 si
390 717 557 794 habueris,
587 715 722 779 multum
744 714 904 779 eilioeoior
926 717 1004 780 eris:
1029 716 1155 780 resistit
1176 721 1285 781 nutem

156 821 259 884 ventis
282 824 315 883 et
335 817 585 898 tempestatibus
607 822 640 880 et
662 815 882 880 turbidinibus.
922 819 1060 882 Tantum
1077 817 1213 887 sortitus
1235 823 1287 882 est

155 925 348 1003 potestatem
377 919 440 982 iste
464 918 548 1002 lupis
569 917 703 982 remedii
725 924 837 981 oontm
858 916 1011 983 adversos
1033 924 1155 1001 partes.
1202 918 1315 988 Gon-5

156 1031 303 1088 secratur
324 1043 399 1086 vero
420 1042 440 1086 a
462 1021 523 1086 deo
545 1028 579 1085 et
599 1021 718 1085 sanctis
739 1019 818 1083 locis
839 1019 901 1084 hoo
920 1024 1147 1099 tutamentum,
1171 1025 1211 1084 ut
1239 1021 1284 1085 sit

155 1126 330 1189 maximum
354 1125 406 1187 die
428 1143 466 1185 ac
480 1129 583 1200 nocte,
605 1121 686 1185 horo
701 1120 816 1184 diurna
830 1121 880 1184 vel
895 1127 1071 1199 nooturua3
1092 1119 1282 1204 bonumque

154 1225 350 1311 praesidium
373 1224 522 1288 corallius
543 1224 624 1305 lepis
646 1221 755 1286 hebet.

467 1409 554 1474 Vlll.
585 1409 715 1493 Lapis
736 1409 966 1474 Exebeuus.

241 1544 411 1610 Exebenus
433 1544 516 1627 lapis
538 1544 630 1609 albus
652 1552 702 1609 est
723 1552 756 1610 et
778 1547 956 1628 speciosus,
987 1566 1058 1610 oum
1087 1567 1151 1630 quo
1177 1547 1284 1614 solent
1302 1564 1332 1615 ιο

155 1646 302 1711 aurifices
317 1667 431 1711 eurum
445 1646 625 1728 limpidare.
663 1647 893 1711 Constantem
915 1647 1116 1712 stomachum
1139 1651 1285 1714 maxime

155 1748 188 1812 in
203 1755 282 1830 potu
297 1769 463 1829 aspersum
479 1770 551 1812 oum
574 1769 670 1831 equs.
698 1748 872 1814 Praeterea
893 1750 1020 1813 insanos
1042 1754 1100 1813 sut
1120 1749 1227 1816 lassos
1249 1753 1283 1815 in

154 1856 233 1932 potu
254 1856 416 1932 personet
460 1851 503 1914 Et
526 1851 570 1914 sd
593 1856 738 1914 amantes
771 1851 916 1915 similiter
938 1852 971 1914 in
992 1857 1072 1935 potu
1095 1851 1206 1932 dsbis;
1235 1853 1283 1917 in·

154 1973 250 2034 super
265 1952 308 2015 ad
320 1950 453 2016 Veneris
468 1949 663 2033 voluptatem
680 1953 828 2036 congruit
843 1952 987 2017 mirifice:
1004 1953 1125 2017 bibitus
1139 1974 1208 2018 non
1223 1973 1281 2038 po·

155 2054 235 2117 titur
262 2075 317 2119 eos
344 2054 485 2135 fatigari.
530 2054 630 2118 Solvit
657 2055 755 2118 etism
778 2056 902 2118 vesicae
925 2052 1086 2133 dolorem,
1115 2056 1282 2137 aptissime
1301 2073 1328 2124 15

155 2158 238 2221 enim
262 2157 418 2222 subvenit.
462 2156 546 2220 Num
569 2162 713 2237 gestatus
735 2163 864 2239 partum
887 2157 955 2220 eine
985 2155 1186 2241 aegritudine
1208 2177 1281 2221 oon·

155 2262 270 2335 servat,
294 2264 327 2321 et
349 2258 548 2322 velocitatem
569 2259 725 2340 parientis
747 2258 825 2322 lucit
847 2257 1085 2342 circumligatus
1100 2259 1218 2324 dextro
1232 2259 1278 2325 fe·

156 2357 244 2420 mori.
290 2357 500 2422 Consecratus
522 2365 681 2441 perpetua
703 2360 949 2424 consecratione.

465 2545 520 2610 IX.
550 2544 679 2627 Lapis
701 2546 966 2611 Haematites.

238 2663 436 2726 Haemetites
464 2662 548 2745 lapis
576 2667 625 2727 est
653 2664 809 2745 optimum
840 2663 960 2727 donum
990 2670 1143 2746 nsturse3
1167 2666 1279 2734 dotum
1295 2691 1327 2743 20

154 2765 202 2825 est
223 2761 371 2826 omnibus
393 2783 413 2826 a
435 2763 505 2827 deo.
552 2765 600 2826 Ad
625 2785 751 2828 omnem
779 2765 923 2846 corporis
949 2765 1167 2848 integritatem
1190 2769 1278 2835 utilis

153 2865 214 2935 eet;
238 2862 335 2926 etiam
351 2870 564 2928 tutamentum
581 2864 700 2929 bonum
724 2865 836 2929 salutis
860 2872 923 2948 est3
954 2873 1004 2930 ost
1025 2867 1109 2931 enim
1130 2871 1279 2951 perennis

221 3049 241 3100 2
260 3046 389 3114 sompniis
406 3064 433 3113 r;
445 3078 476 3084 -
496 3048 745 3102 escensurum
763 3067 838 3118 ego,
856 3059 1027 3105 consecratus
1044 3071 1096 3120 cp;
1114 3085 1146 3095 -
1166 3057 1186 3108 6
1207 3056 1278 3111 loeis

150 3133 210 3188 Hoc
220 3153 248 3200 e;
258 3134 322 3185 —8
334 3133 444 3188 oorollio
454 3152 475 3186 c.
484 3134 547 3185 -9
563 3135 603 3187 De
616 3134 736 3188 exebeno
746 3136 792 3189 etr,
804 3138 928 3191 Vincent
938 3137 1039 3191 Bellov.
1052 3139 1068 3190 l.
1079 3139 1096 3191 l.
1107 3154 1167 3208 cop.
1175 3140 1277 3206 LXVI:

153 3219 354 3287 »Dyssooridee
384 3219 475 3272 Genus
498 3218 567 3286 lepis
592 3226 633 3273 est
655 3219 731 3274 ultus
752 3237 785 3274 oo
802 3223 953 3289 preciosus:
977 3238 1029 3290 quo
1053 3223 1142 3278 solent
1163 3225 1278 3280 artilioes

151 3320 246 3356 nurum
266 3302 413 3370 limpidsre.
433 3303 477 3357 hio
494 3311 606 3371 potatus
624 3305 651 3357 in
669 3321 748 3373 posso
768 3314 795 3358 et
809 3309 1064 3374 aqusstbomotioos
1076 3318 1162 3364 onrst.
1180 3312 1276 3365 Amen-

151 3396 193 3441 tes
211 3389 335 3442 similiter
352 3395 432 3456 potus
451 3391 508 3443 eius
526 3398 612 3443 senat.
634 3392 736 3445 vesicas
759 3393 838 3445 etism
858 3393 979 3446 dolentes
996 3395 1092 3461 soluit,
1116 3404 1277 3465 potatusque

150 3473 206 3526 sine
226 3474 377 3541 egritudine
398 3484 487 3529 servat
511 3486 537 3529 et
562 3477 662 3530 femore
689 3478 925 3531 circumvolutetus
947 3479 1075 3533 velociter
1098 3484 1277 3548 parturientes

149 3558 239 3612 istit«
259 3587 286 3596 -
303 3559 322 3610 9
336 3564 365 3611 et
377 3561 412 3611 10
430 3561 550 3615 exebeno
565 3564 598 3627 03
613 3593 646 3602 —
659 3564 694 3614 12
712 3564 739 3615 in
751 3570 845 3631 potum
857 3573 997 3632 aspersum
1014 3582 1040 3632 r3
1058 3567 1086 3618 in
1102 3573 1170 3634 potu
1187 3581 1275 3636 ospor-

149 3656 194 3694 uus
210 3660 243 3708 p3
261 3673 285 3681 —
302 3645 338 3696 12
357 3645 441 3699 lassos
459 3645 544 3713 Ring
562 3663 596 3699 ex
613 3662 639 3714 p.
653 3652 708 3709 172,
729 3653 741 3702 1
763 3649 886 3702 »insenos
897 3659 925 3702 et
937 3649 1103 3718 languidos«,
1115 3666 1210 3718 puteos
1221 3667 1272 3718 σῃ

154 3728 244 3781 -12,
256 3728 291 3778 13
304 3728 331 3780 in
345 3734 437 3796 potum
450 3746 477 3795 o;
494 3761 523 3769 —
547 3733 582 3782 13
600 3733 739 3798 inpetum
757 3752 784 3800 ⁶3
802 3735 889 3784 -14
908 3733 1048 3787 bibitusn.
1066 3750 1093 3802 p.
1111 3737 1200 3790 etat.
1218 3751 1271 3791 om.

144 3829 179 3878 p3
196 3812 306 3878 fatigari
326 3829 401 3881 ego,
425 3814 539 3882 fatigare
551 3834 578 3876 c;
600 3846 625 3854 -
648 3818 682 3868 15
701 3818 785 3871 Solvit
802 3833 863 3885 ego
882 3834 955 3872 cum
973 3819 1092 3880 Disso,
1111 3818 1146 3873 iu.
1159 3820 1273 3886 Solvite,

148 3896 260 3949 insolvit
275 3913 308 3961 p3
325 3912 359 3950 an
378 3899 568 3953 Dissolvit?
589 3932 618 3940 -
642 3903 676 3954 15
695 3902 831 3957 abtissime
849 3924 877 3970 o,
896 3935 926 3944 —
946 3905 981 3957 1⁷
999 3906 1175 3972 parturientis
1192 3921 1224 3971 p3
1239 3931 1272 3945 -

146 3980 181 4031 19
201 3985 231 4032 et
254 3980 295 4030 20
318 3985 463 4038 emathiten
490 3987 525 4053 C,
548 3987 716 4041 Aemotbites
734 3989 823 4056 Pitrs‚
846 3989 892 4057 qui
918 3988 1014 4042 molius
1037 3989 1270 4045 Haemotbitos

166 4063 228 4119 niti
250 4062 322 4130 dicit,
340 4068 507 4125 Haematites
526 4087 601 4139 ego;
618 4103 650 4113 -
670 4075 712 4126 22
730 4075 875 4142 perhennis
893 4094 914 4127 o.
