2866 4620
468 632 614 698 XXVIIL
647 630 771 716 Lapis
797 631 1024 716 Lychnites.

271 801 442 885 Lychnites
462 801 546 883 lapis
568 801 740 883 speciosus,
769 801 875 867 colore
898 801 1070 881 subritreo,
1099 802 1230 877 mundo,
1253 804 1312 868 ad·

184 924 294 970 versus
316 902 518 987 nyctalopam
548 903 594 983 [id
617 909 666 968 est
688 904 839 970 adversus
861 909 1035 970 nocturnas
1056 925 1144 983 aves,
1174 904 1237 969 hoc
1259 911 1311 970 est

187 1005 313 1087 strigas,
337 1005 403 1070 sive
428 1010 581 1084 cananae]
606 1011 701 1087 aptus
727 1005 810 1071 collo
832 1011 882 1072 est
902 1005 1044 1086 idoneus,
1067 1012 1221 1089 persanat
1243 1028 1309 1072 eos.

184 1109 358 1173 Praeterea
378 1109 411 1171 in
433 1107 516 1172 linco
539 1127 646 1189 panno
668 1110 782 1173 missus
810 1115 842 1173 et
863 1109 897 1171 in
919 1108 1025 1173 fronte
1046 1109 1163 1191 ligatus
1183 1108 1308 1174 fluxum
1325 1120 1342 1169 o

187 1210 348 1292 sanguinis
370 1209 506 1291 stringit.
542 1209 627 1274 Sciet
649 1215 757 1273 autem
781 1209 836 1291 qui
859 1230 932 1273 eum
955 1215 1065 1296 portat
1086 1211 1194 1275 lutura
1217 1230 1307 1293 prae-

185 1309 300 1389 dicere,
324 1316 356 1374 et
376 1310 518 1374 infir'mos
540 1309 689 1391 prohibet
711 1309 816 1374 ebena
838 1309 936 1392 loqui,
960 1317 992 1375 et
1013 1311 1178 1393 languores
1201 1313 1310 1395 expel-

186 1411 235 1476 lit.
280 1412 524 1494 Circumligatus
546 1432 660 1477 nervos
691 1412 788 1475 etiam
812 1419 844 1475 et
866 1433 1015 1477 verrucas
1044 1415 1185 1496 corporis
1213 1421 1309 1479 sanat

185 1515 366 1597 applicatus
389 1534 428 1579 ea
449 1519 552 1596 parte,
575 1512 630 1577 ubi
653 1513 746 1578 dolor
767 1519 825 1579 est.
863 1514 1001 1597 Insuper
1015 1516 1041 1579 si
1061 1517 1132 1597 quis
1148 1537 1219 1581 eum
1235 1537 1310 1581 con·

184 1622 343 1681 secratum
365 1615 517 1680 habuerit
537 1610 570 1678 in
593 1615 687 1680 domo
709 1636 793 1698 quae
814 1615 1004 1694 incenditur,
1028 1619 1054 1680 si
1078 1638 1154 1681 casu
1169 1620 1310 1700 contige·
1329 1625 1360 1675 10

183 1717 242 1796 rit,
271 1720 421 1783 continno
450 1719 646 1799 extinguitur
670 1717 862 1781 incendium.
908 1717 974 1782 Iste
997 1723 1104 1782 autem
1126 1719 1209 1800 lapis
1234 1717 1309 1782 Vul-

184 1843 264 1887 cano
287 1827 336 1887 est
358 1826 570 1887 consecratus.

231 2012 299 2065 thie
312 2018 339 2066 et
351 2012 378 2064 in
390 2026 469 2064 versu
482 2009 658 2077 subsequente
671 2007 861 2075 Lychnites
873 2024 923 2076 ego
936 2008 1037 2076 scripsi,
1055 2009 1181 2072 (Litbites
1188 2013 1218 2075 p)
1230 2025 1310 2078 prae-

183 2098 275 2151 sertim
287 2096 386 2151 codicis
403 2100 471 2150 8454
488 2095 602 2162 vestigia
620 2098 734 2147 secutus.
765 2093 819 2147 Sed
837 2093 967 2160 imprimis
982 2095 1078 2162 dignus
1092 2096 1138 2162 qui
1152 2095 1310 2149 conferatur

183 2182 318 2236 Arnoldus
335 2182 405 2236 Saxo
424 2180 457 2233 de
469 2178 613 2233 virtutibus
631 2177 748 2245 lapidum
762 2181 777 2246 ς
789 2182 821 2232 81
839 2178 881 2233 ed.
894 2179 979 2232 Rosa:
1000 2179 1135 2246 »Zignites
1149 2181 1239 2248 [qnam
1253 2181 1307 2234 ior·

183 2282 251 2320 mam
271 2267 421 2320 litterarum
446 2280 553 2332 quoque
578 2264 643 2318 ordo
666 2265 770 2333 tuetur]
798 2264 865 2331 lapis
888 2270 929 2317 est
948 2264 1044 2317 coloris
1068 2264 1152 2317 vitrei.
1172 2264 1243 2317 idem
1268 2272 1310 2318 est

183 2350 255 2420 quod
273 2366 337 2405 evas
357 2351 401 2420 [ἦ.
421 2356 541 2418 gestatus
559 2350 627 2404 collo
640 2349 712 2403 valet
725 2357 819 2404 contra
830 2349 1002 2417 nictalopam,
1021 2356 1049 2403 et
1062 2350 1218 2417 sanguinem
1228 2351 1310 2416 strin-
1355 2364 1358 2370 ’

183 2437 235 2506 git,
259 2444 287 2491 et
305 2438 402 2491 mentis
420 2437 607 2490 alienationem
626 2436 743 2502 depellit.
771 2442 798 2489 et
821 2435 843 2488 si
866 2442 975 2489 tenetur
997 2435 1031 2489 ad
1054 2434 1206 2489 incendium
1229 2435 1309 2504 ignis,

183 2524 352 2592 extinguitur
382 2521 491 2577 flamma
518 2522 598 2575 eius«
644 2521 687 2573 Ex
714 2521 893 2588 Damigerone
924 2536 1020 2588 graeco
1051 2521 1170 2575 hausisse
1200 2520 1311 2574 videtur

185 2608 303 2662 Michael
321 2608 423 2662 Psellus
441 2607 506 2676 aspi
524 2607 607 2658 λίθων
627 2608 769 2668 δυνάμεων
789 2621 850 2673 pag.
868 2609 902 2658 22
921 2605 961 2659 ed.
980 2604 1115 2659 Bernard:
1137 2605 1306 2674 ὁλυχνίτης;

185 2691 293 2745 ἔστιδὲ
312 2693 486 2751 vendituros
506 2691 566 2758 [hoc
585 2693 751 2757 corruptum]
775 2690 908 2758 dprptieic
927 2691 1046 2742 ἀπὸτοῦ
1070 2690 1217 2760 τραχήλου,
1240 2690 1308 2759 ῥεύ-

181 2779 257 2843 parci
269 2794 301 2829 τε
314 2777 405 2847 ἐπέχει
417 2776 569 2843 ὀφθαλμῶν
589 2778 618 2827 ἐν
637 2776 701 2846 λινῷ
718 2777 798 2843 pauet
810 2775 959 2842 περιτιθεὶς
971 2780 1012 2845 τῷ
1023 2775 1150 2845 μετώπῳ.
1165 2803 1197 2814 -
1214 2774 1309 2828 Lathi-

182 2869 228 2914 ten
248 2861 279 2928 03
316 2891 342 2900 -
373 2861 540 2927 2Lythiten
555 2861 589 2921 σς
608 2861 765 2913 subvetereo
779 2879 799 2911 c.
826 2890 861 2899 —
888 2860 930 2913 Ad
951 2861 1091 2928 sequentia
1105 2861 1151 2912 cl'r.
1166 2874 1235 2927 quae
1248 2859 1306 2913 cod.

183 2949 252 3000 8454
270 2960 305 2998 ex
322 2944 501 3010 Damigerone
526 2942 622 3009 babet:
647 2942 802 2995 alrichniter
826 2943 962 3009 speciosus
987 2944 1075 2997 colore
1100 2944 1235 2998 subvitreo
1261 2943 1308 2997 sed

183 3029 282 3084 mundo
301 3030 428 3084 adversus
446 3028 593 3095 noctilepas
611 3029 664 3081 ie.
682 3034 826 3082 nocturnas
845 3043 917 3094 aves,
936 3029 951 3080 i.
967 3044 989 3080 e.
1008 3036 1113 3096 stryges
1132 3028 1201 3082 collo
1220 3034 1308 3096 gesta·

183 3122 228 3168 tus
244 3116 323 3170 valet.
354 3115 453 3168 Missus
471 3113 498 3166 in
516 3114 587 3166 lineo
605 3113 704 3166 mundo
723 3120 750 3165 et
768 3113 836 3166 collo
854 3113 961 3181 ligatus,
980 3115 1135 3182 sanguinem
1148 3114 1225 3166 sistit.
1255 3112 1308 3177 Qui

185 3206 275 3254 autem
295 3217 355 3255 eum
375 3199 487 3268 gesserit
499 3199 590 3252 futura
601 3198 752 3266 praedicet,
775 3199 951 3264 alienationes
969 3200 1002 3253 ab
1021 3199 1131 3253 infirmis
1148 3199 1233 3266 pellit.
1264 3200 1308 3252 ln-

183 3300 265 3353 super
277 3286 301 3339 si
312 3284 372 3354 quis
385 3300 446 3338 eum
459 3289 644 3337 consecratum
661 3281 787 3336 habuerit
805 3290 832 3335 et
851 3283 945 3336 domus
957 3284 1120 3337 accendatur
1133 3297 1205 3350 casu,
1223 3282 1308 3336 conti·

181 3387 235 3425 nuo
252 3370 385 3438 extinguit
397 3368 432 3436 (i)
446 3367 618 3422 incendium«
632 3367 712 3421 —id
731 3374 782 3421 est
795 3368 960 3421 adversus
974 3398 1003 3406 -
1018 3382 1168 3421 cananae
1180 3366 1256 3419 uncis
1269 3367 1308 3421 in-

182 3456 259 3520 clusi,
278 3471 336 3508 cum
355 3453 421 3506 nihil
440 3453 489 3506 nisi
508 3452 606 3505 malum
619 3453 885 3518 interpretamentum
900 3454 934 3506 sit
946 3453 1069 3507 vocabuli
1086 3451 1303 3521 nyctalopas;

182 3542 262 3596 etiam
286 3555 400 3608 sequens
423 3544 588 3605 persanat
611 3553 666 3591 eos
685 3538 757 3592 clare
780 3538 897 3592 ostendit
919 3538 964 3592 hic
987 3555 1040 3592 non
1064 3538 1097 3591 de
1116 3537 1242 3604 strigibus
1260 3536 1308 3590 scd

185 3628 218 3681 de
241 3625 391 3679 bominibus
418 3623 476 3691 agi,
501 3622 547 3692 qui
573 3623 699 3677 nonnisi
724 3631 806 3678 noctu
832 3623 922 3678 ridere
949 3625 1058 3692 possint.
1096 3623 1238 3676 Caeterum
1261 3637 1308 3689 ny·

181 3711 315 3778 ctalopam
333 3723 394 3777 ego
413 3722 448 3761 ex
465 3707 585 3761 Arnoldo
598 3706 702 3760 Saxone
721 3709 747 3773 (ὁ
759 3706 905 3772 νυκτάλωψ
923 3730 956 3754 =
973 3707 990 3775 ὴ
1008 3706 1194 3774 cartularia),
1213 3704 1308 3771 nictia·

181 3795 188 3800 '
274 3795 335 3861 (sic)
353 3811 379 3860 c,
397 3791 555 3861 nyctalapas
569 3809 587 3856 ρ
593 3811 601 3852 ;
627 3793 754 3861 cananae]
777 3792 929 3860 »glossariis
946 3808 1000 3845 vox
1017 3791 1151 3857 inaudita,
1174 3790 1242 3842 forte
1262 3791 1308 3844 de-

299 3877 433 3948 raglossa
445 3876 572 3930 barbara:
587 3877 694 3947 χάνειν,
711 3876 834 3944 perdere,
852 3877 1016 3930 aeolidum«
1035 3877 1137 3931 Pitra.
1157 3905 1190 3916 -
1207 3873 1308 3941 4ydo·

367 3963 395 3976 ⁴⁴
415 3977 481 4018 casn
498 3977 559 4030 ego
578 3977 612 4015 ex
630 3962 685 4017 alia
696 3962 795 4016 codicis
808 3965 876 4016 8454
888 3962 1018 4030 versione,
1037 3977 1116 4030 quam
1134 3960 1194 4013 vide
1212 3974 1309 4027 supra,

435 4068 436 4077 ¹
454 4077 488 4090 -
505 4049 533 4100 11
551 4048 699 4116 exstinguit
713 4067 741 4115 p.
