2866 4620
608 361 843 424 -194-

471 596 582 662 XLVI.
616 596 736 680 Lapis
760 595 978 678 Oamptine.

252 733 312 800 Hic
328 732 370 797 ad
384 733 640 815 impetrationem
653 732 731 796 facit
746 732 788 796 ad
804 730 896 796 deum
913 736 946 797 et
960 730 1003 795 ad
1016 730 1156 795 homines
1174 735 1205 795 et
1221 751 1288 795 cor·

166 857 225 919 pus
247 834 349 899 hilare
371 833 460 912 facit,
490 839 522 898 et
543 833 691 896 timorem
713 834 868 897 maiorum
892 852 947 896 seu
977 831 1076 895 furias
1099 833 1282 914 compescit,

167 943 199 1001 et
214 935 504 1000 commendationes
519 934 604 999 facit.
632 935 831 1017 Hydropicos
848 939 939 998 curat
959 935 991 996 in
1008 934 1137 997 sinistro
1152 933 1285 998 brachio

167 1038 326 1121 alligatus.
372 1041 463 1104 Hunc
485 1044 594 1103 autem
618 1037 657 1102 de
679 1038 789 1120 quavis
811 1037 1049 1102 consecratione
1071 1056 1246 1101 consecras.
1305 1047 1322 1095 s

427 1256 554 1322 XLVII.
587 1255 712 1339 Lapis
735 1254 1032 1339 Chrysalithus.

254 1396 313 1459 Est
333 1395 468 1478 spissus,
496 1394 633 1472 lucidus,
664 1392 775 1457 similis
806 1413 892 1456 auro.
945 1392 1005 1456 Hie
1034 1391 1214 1474 applicatus
1247 1391 1289 1455 ad

170 1486 317 1563 rasuram
341 1497 420 1575 auri,
443 1497 566 1561 levatus
588 1496 821 1580 phylacterium
837 1501 886 1560 est
901 1495 943 1560 ad
958 1501 1129 1560 nocturnos
1146 1495 1287 1559 timores.

168 1601 320 1664 Pertusus
348 1604 380 1662 et
406 1599 597 1664 transiectus
625 1621 696 1662 cum
719 1599 794 1662 setis
818 1599 951 1662 asininis
974 1604 1006 1662 et
1021 1597 1169 1680 alligatus
1191 1598 1225 1661 in
1248 1598 1290 1662 si·

169 1702 271 1766 nistro
295 1700 435 1780 brachio,
459 1701 565 1765 omnia
588 1700 757 1766 daemonia
780 1700 884 1765 vincit.
1312 1723 1344 1773 10

359 1921 501 1986 XLVIII.
537 1922 659 2004 Lapis
681 1920 965 2004 Chrysalithus
988 1921 1101 1987 alter.

259 2056 478 2141 Chrysolithus
499 2056 595 2139 lapis:
627 2058 686 2121 Est
708 2057 791 2120 euim
813 2078 910 2139 anper
932 2057 1019 2138 ipsos
1042 2056 1135 2139 qnasi
1155 2058 1290 2121 turturis

171 2160 289 2226 oculus.
324 2160 382 2224 Est
397 2165 506 2222 autem
532 2163 564 2223 et
586 2159 743 2241 cupidinis
765 2164 798 2223 et
814 2160 932 2224 amoris
949 2165 981 2223 et
995 2160 1136 2224 iustitiae
1151 2158 1290 2223 adiutor.

169 2262 263 2327 Facit
285 2266 392 2326 antem
415 2265 447 2324 et
468 2260 549 2324 bene
573 2265 756 2343 susceptum
779 2266 811 2325 et
834 2260 1035 2342 eloquentem
1061 2266 1093 2326 et
1114 2260 1291 2342 gratiosum

175 2369 208 2428 et
230 2362 399 2427 amabilem
423 2383 491 2426 essa
515 2367 547 2426 et
563 2362 763 2427 amicabilem
779 2362 820 2427 ab
837 2363 886 2426 his
904 2363 957 2446 qui
974 2384 1046 2427 eum
1061 2364 1178 2428 vident.
1218 2363 1293 2426 Om-
1314 2382 1344 2431 15

174 2487 247 2531 nem
263 2466 439 2548 ingressum
456 2465 573 2548 aperit,
590 2465 667 2529 facit
683 2465 779 2530 etiam
795 2465 838 2529 ad
853 2465 1104 2549 indignationem
1117 2465 1289 2530 oculorum.

251 2650 450 2718 10amptinem
468 2648 582 2703 eundem
600 2663 658 2702 esse
676 2649 756 2703 credo
777 2654 858 2717 atque
877 2649 990 2703 Amoldi
1008 2650 1120 2704 Saxonis
1138 2652 1292 2706 Kabraten:

171 2740 197 2806 (ᾗ
216 2743 249 2792 48
268 2738 302 2791 de
320 2736 462 2790 virtutibus
480 2736 599 2805 lapidum
622 2735 663 2789 ed.
681 2735 776 2802 Rosa:
802 2735 950 2789 »Kabrates
972 2736 1041 2804 lapis
1064 2742 1104 2790 est
1127 2737 1218 2792 slmilis
1242 2738 1292 2790 cri·

171 2821 264 2887 stallo,
286 2821 516 2888 eloquentiam
540 2821 597 2873 dat
618 2825 652 2872 et
674 2819 833 2873 honorem
857 2826 889 2872 et
913 2822 1075 2889 gratiam,
1104 2821 1261 2876 defendit
1279 2839 1297 2876 a

171 2906 284 2961 noxiis
303 2911 334 2958 et
352 2905 539 2973 ydropisIm
557 2911 680 2960 curato
700 2937 732 2945 -
757 2907 776 2957 2
795 2921 892 2974 corpus
910 2907 1021 2960 hilarem
1043 2908 1075 2974 03
1096 2924 1143 2961 cor
1160 2908 1245 2961 hilare
1261 2927 1294 2980 p;

172 3025 202 3033 -
222 2993 243 3043 4
263 2991 353 3059 hydr.
372 3022 405 3029 —
425 2989 517 3056 allig.
537 2991 565 3042 in
584 3006 664 3057 marg.
681 2990 763 3044 habet
781 3011 808 3053 c;
830 3023 859 3030 -
881 2994 900 3044 6
917 2992 1101 3060 Chrysalithus
1119 3009 1179 3061 ego
1194 2993 1296 3060 (criso-

172 3078 235 3131 litus
253 3077 341 3142 Arn.)
364 3073 601 3143 Grysolithieo
620 3093 647 3142 e,
671 3075 865 3144 chrysolitheos
881 3094 914 3143 p;
942 3108 973 3117 -
1001 3079 1022 3129 8
1042 3078 1238 3146 phylacterium
1256 3085 1298 3130 est

174 3179 250 3232 ego,
262 3161 398 3231 philaterii
411 3165 588 3213 tutamentum
599 3165 639 3214 est
651 3181 664 3212 c
677 3177 710 3214 ex
722 3161 864 3215 manifesta
876 3162 1105 3231 interpretatione,
1121 3195 1146 3201 -
1158 3164 1298 3232 phylacte-

175 3252 207 3304 rii
232 3252 410 3302 tutamentum
435 3252 476 3299 est
494 3265 521 3312 p.
551 3247 627 3313 Quod
650 3262 700 3313 ego
724 3247 838 3315 conieci,
860 3247 957 3314 leglese
982 3248 1087 3301 videtur
1105 3248 1204 3302 Manb:
1228 3249 1298 3302 Esse

171 3334 369 3405 phylacterium
387 3331 455 3386 fixus
473 3332 631 3400 perhibetur
648 3332 675 3383 ln
694 3347 768 3395 auro,
788 3337 881 3386 contra
902 3319 1046 3386 nocturnos
1065 3332 1142 3386 fortis
1160 3331 1247 3385 tutela
1266 3334 1299 3384 ti-

172 3436 282 3474 mores«.
296 3450 329 3457 —
351 3421 370 3470 9
386 3418 531 3470 asininiS
550 3416 643 3483 scripsi
656 3432 690 3468 ex
708 3417 771 3470 Rin
778 3417 825 3484 gii
844 3417 1038 3485 emendatione,
1057 3433 1117 3470 cum
1130 3433 1179 3484 ego
1197 3419 1300 3472 aselli

171 3505 214 3558 vel
238 3505 325 3558 asini
349 3503 470 3569 recipere
493 3501 634 3555 voluissem
663 3517 697 3553 ex
720 3503 821 3556 Manb:
848 3502 992 3555 »Pertusus
1015 3502 1079 3555 setis
1102 3504 1124 3555 si
1148 3503 1300 3556 traiiciatur

173 3590 312 3656 asellis,
332 3589 455 3642 aseminis
474 3606 521 3655 cp,
538 3587 566 3638 in
580 3600 644 3639 acus
656 3587 785 3641 foramine
804 3589 890 3640 conl.
909 3588 1013 3641 Pitra.
1033 3619 1065 3627 -
1084 3587 1297 3654 toparchae,

174 3709 204 3717 -
224 3677 251 3728 11
271 3673 454 3742 chrysolithus
474 3688 547 3739 ego,
568 3672 753 3740 chrysolitheo
773 3693 793 3740 c,
812 3672 1010 3741 Chrysolitheos
1027 3693 1045 3739 p
1052 3693 1060 3734 ;
1083 3704 1109 3711 —
1130 3675 1164 3724 12
1183 3672 1298 3741 Chryso-

173 3762 255 3813 lithus
274 3776 351 3827 ego,
369 3757 503 3811 crisoliteo
522 3777 542 3825 c,
562 3757 649 3826 chrys,
667 3757 719 3826 lap.
738 3775 792 3812 om.
811 3776 842 3824 p;
867 3789 897 3798 -
920 3760 955 3810 12
973 3758 1159 3812 aubrussus
1176 3774 1225 3826 pro
1244 3775 1300 3812 su-

172 3863 233 3914 per
257 3848 352 3913 Ipsos
375 3845 431 3897 sine
455 3844 535 3897 dubio
558 3851 684 3912 corrupto
708 3845 774 3900 coni.
794 3845 878 3912 Ring;
906 3846 970 3899 mihi
988 3846 1062 3899 locus
1080 3844 1221 3898 lacunosus
1239 3859 1299 3897 esse

172 3930 291 3997 videtur,
308 3962 331 3969 -
350 3930 436 3999 quasi]
456 3945 536 3997 quam
550 3930 585 3998 (l)
604 3947 630 3996 ⁶3
649 3931 725 3985 oculo
743 3931 776 3992 0;
792 3961 821 3970 -
836 3933 871 3983 14
883 3935 919 4002 et]
940 3931 974 3985 ad
989 3932 1021 3998 03
1040 3936 1177 3998 susceptos
1192 3931 1227 3994 03
1245 3929 1300 3982 elo·

174 4021 285 4084 quentes
303 4034 333 4076 ⁶3
356 4046 388 4056 -
406 4017 440 4067 16
460 4015 732 4082 indignationem
752 4032 785 4069 ex
803 4017 966 4071 medicorum
984 4032 1033 4070 usu
1051 4015 1147 4084 probat
1164 4015 1245 4084 Ring,
1264 4030 1300 4069 an

173 4088 495 4155 iudebilitationem
513 4101 699 4156 scribendum?
