2866 4620
664 329 897 392 -160-

260 535 263 539 ·
308 516 522 598 Damigerone
543 515 658 594 latino,
689 513 814 597 qualem
841 530 925 578 nunc
946 512 1118 592 habemus,
1146 512 1286 596 primus,
1312 521 1353 579 ut

222 620 359 699 videtur,
375 640 451 683 usus
466 625 514 684 est
524 617 700 682 Marbodus
711 615 907 681 Redonensis
923 615 1091 699 episeopus
1104 615 1197 699 (obiit
1206 635 1235 679 a.
1252 617 1351 699 1123)

222 723 313 788 ouius
335 725 376 790 de
402 722 565 807 lapidibus
595 740 724 804 poema,
753 719 785 782 in
808 737 975 803 quoquae
1006 715 1047 781 de
1067 736 1264 798 gemmarum
1287 717 1352 780 vir·

222 825 347 890 tutibus
370 826 554 890 dictasunt
574 844 614 888 ex
636 822 705 886 solo
727 822 794 884 tere
808 819 1021 900 Damigerone
1042 817 1158 882 hausta
1179 821 1263 896 sunt.
1288 838 1351 901 per

222 931 328 992 totum
350 928 490 992 medium
512 946 624 992 aevum
647 924 789 989 maxima
810 923 1004 989 auctoritate
1025 920 1201 985 fruebatur.

313 1029 485 1095 Praeterea
513 1030 546 1092 in
574 1028 657 1094 libro
678 1049 762 1094 nono
784 1026 912 1110 Speculi
941 1024 1105 1090 Naturalis
1133 1046 1153 1089 a
1181 1024 1351 1091 Vincentio

223 1130 443 1197 Bellovaeensi
465 1131 559 1215 (obiit
581 1151 609 1196 a.
628 1133 723 1213 1264)
753 1152 792 1195 ex
821 1128 968 1212 plurimis
997 1128 1180 1193 auctoribus
1207 1129 1374 1210 congesti.

224 1234 328 1299 multa
348 1234 554 1317 Dyaseoridis
577 1234 741 1298 cuiusdam
769 1254 900 1316 prorsus
922 1233 1023 1315 ignoti
1053 1234 1094 1298 de
1123 1231 1285 1314 lapidibus
1307 1230 1354 1296 le

224 1342 359 1418 guntur,
387 1356 470 1420 quae
497 1336 575 1418 quin
602 1355 753 1417 magnam
781 1340 907 1417 partem
937 1355 977 1400 ox
1007 1336 1219 1418 Damigerone
1248 1333 1352 1399 latino

225 1437 345 1502 hausta
366 1439 442 1517 sint,
465 1458 560 1502 nemo
583 1436 761 1517 dubitabit,
788 1438 844 1519 qui
871 1456 953 1520 quae
976 1458 1048 1501 oum
1072 1437 1286 1519 Damigerone
1309 1437 1353 1502 ad

226 1539 358 1604 verbum
387 1561 490 1623 paene
519 1540 747 1604 consentientia
774 1542 806 1603 in
829 1542 913 1604 notis
934 1561 973 1604 ex
995 1561 1034 1605 eo
1056 1540 1150 1604 attuli
1172 1540 1281 1622 paullo
1305 1541 1355 1609 di-

227 1640 377 1722 ligentius
394 1642 579 1725 inspexerit.
614 1642 663 1706 Ex
685 1642 796 1708 eodem
812 1642 1008 1726 Dyasooride
1034 1644 1099 1706 iam
1123 1648 1198 1707 ante
1221 1643 1359 1710 Vincen-

225 1742 306 1806 tium
321 1742 508 1808 brevissima
523 1753 674 1827 excerpta
689 1745 849 1809 Arnoldus
866 1746 952 1811 Saxo
976 1746 1062 1809 eirca
1076 1765 1192 1809 annum
1211 1746 1296 1809 1220
1318 1749 1353 1812 in

227 1849 339 1912 octavo
354 1845 459 1928 operis
474 1847 541 1910 »De
555 1845 673 1910 virtute
687 1846 873 1910 universali«
888 1846 994 1930 eapite
1010 1845 1127 1921 attulit,
1143 1866 1225 1928 quae
1240 1851 1354 1912 tamen

227 1946 334 2011 omnia
355 1953 392 2011 ut
413 1947 601 2012 brevissima
623 1953 656 2012 et
684 1947 763 2011 nihil
793 1947 836 2011 ad
852 1948 1095 2025 ,emendandum
1118 1947 1168 2011 vel
1188 1946 1356 2014 illustran-

228 2047 305 2112 dum
321 2048 563 2130 Damigeronem
584 2047 768 2114 exhibentia
789 2050 873 2113 notis
889 2051 1028 2114 inserere
1045 2049 1148 2124 nolui;
1170 2052 1356 2117 accuratius

226 2150 259 2213 in
287 2171 397 2215 eorum
426 2150 530 2216 fontes
558 2152 724 2234 inquisivit
754 2152 824 2217 Val.
854 2155 936 2218 Rose
958 2153 979 2218 l.
995 2153 1016 2217 l.
1040 2175 1072 2236 p.
1088 2155 1161 2218 481.
1206 2153 1358 2236 Denique

227 2251 362 2316 Rabano
384 2252 496 2318 Mauro
524 2257 557 2318 et
578 2253 656 2317 Iano
678 2253 851 2319 Parrhasio
873 2275 999 2337 quoque
1030 2254 1252 2337 Damigeronis
1275 2276 1356 2339 opu·

228 2353 350 2416 sculum
363 2354 538 2419 innotuisse
552 2357 640 2420 Pitra
655 2354 797 2420 affirmat
812 2377 884 2438 pag.
901 2358 963 2420 324
979 2362 1012 2422 ot
1025 2379 1057 2440 p.
1070 2357 1151 2436 LIX,
1172 2356 1229 2421 ubi
1243 2363 1360 2424 minen

228 2474 291 2518 non
305 2455 367 2518 nisi
377 2455 541 2521 Parrhasii
554 2457 770 2522 testimonium
785 2456 918 2523 affertur
937 2479 977 2522 ex
992 2459 1081 2522 Thes.
1099 2458 1177 2523 Grit.
1192 2456 1220 2521 I.
1235 2479 1268 2541 p.
1282 2462 1359 2539 740,

229 2556 317 2638 quod
339 2578 419 2640 opus
440 2558 548 2622 videre
569 2558 648 2622 mihi
670 2558 808 2623 nondum
831 2561 973 2641 contigit.
1018 2560 1066 2624 De
1087 2559 1223 2625 Rabano
1246 2567 1359 2630 autem

226 2656 348 2722 nullum
371 2658 500 2724 omnino
522 2666 744 2744 argumentum
765 2662 856 2725 Pitra
876 2661 1050 2744 protulisse
1071 2662 1206 2727 videtur.
