2866 4620
608 318 821 383 ..84-

156 504 318 573 καρσιύεντα
330 503 411 557 scribi
422 503 607 571 κορσαόέντα,
619 501 691 570 qnod
706 502 830 556 crinitum
841 501 1043 568 interpretatur.
1075 501 1177 557 Contra
1189 502 1274 572 dispu-

155 593 197 643 tat
215 588 248 644 V.
261 588 295 644 D.
313 588 341 641 in
358 586 426 641 Bibl.
444 586 572 656 philolog.
590 587 759 654 Gottingensi
776 587 827 642 vol.
842 587 870 640 11
887 603 914 654 p.
927 589 977 640 005
984 601 1041 655 sqq.
1060 587 1108 655 qui
1124 588 1275 662 κορσὴενιο

155 671 323 726 scribendum
341 677 439 724 censet.
467 671 544 738 Quod
561 687 654 725 verum
671 671 811 726 iudicaria
829 673 935 726 Herm.
959 670 1035 726 Idem
1050 671 1118 726 latet
1135 673 1164 727 in
1176 673 1203 725 A
1216 672 1274 726 libri

155 758 295 826 scriptura.
307 785 341 794 -
357 771 399 808 vv.
410 759 546 811 loe-499
557 756 639 810 verba
650 772 668 811 a
679 757 755 809 λίόον
769 771 854 824 usque
866 755 901 810 ad
913 754 1067 824 τοέεοτῆρα
1086 772 1137 811 om.
1149 760 1175 812 Δ
1193 759 1221 812 in
1238 757 1272 810 la·

155 856 231 896 cuna.
248 870 283 880 -
300 838 364 890 498
382 837 482 891 οὕνεκα
500 839 529 894 P.
537 839 594 893 Pal.
613 840 666 893 ait.
686 870 718 880 -
736 840 799 893 499
819 840 929 908 δριμέος
949 839 978 890 ἐν
1000 839 1143 906 σκορόδοιο
1161 842 1273 911 καρήατι

117 949 119 954 ·
155 925 232 981 codd.
250 923 309 990 (sed
321 924 530 992 σκόρδοιοΜΡ)
548 929 576 977 et
588 923 647 978 edd.
678 924 730 979 Sed
742 932 816 980 recte
828 924 899 978 Wiel
913 927 999 992 p.30:
1019 923 1090 978 »Res
1106 925 1168 993 ipsa
1186 930 1273 994 postu·

154 1010 212 1063 lare
225 1009 338 1074 videtur,
358 1015 388 1061 ut
406 1007 526 1076 legamus
544 1008 638 1075 δριμέϊ
652 1009 701 1062 σὺν
720 1010 863 1078 σκορόδοιο
881 1010 1005 1077 καρήατι,
1023 1011 1230 1082 quumploysov
1248 1009 1274 1062 ἔν

155 1111 206 1146 τινι
228 1092 279 1146 nisi
303 1092 336 1146 de
354 1090 462 1160 liquidis
485 1108 539 1146 non
559 1091 697 1146 commode
721 1093 913 1161 intelligatur«.
947 1123 976 1133 -
1009 1092 1072 1145 600
1092 1096 1227 1164 ὴπέόανον
1246 1096 1275 1162 Β,

154 1176 287 1249 ὴπεδανύν
306 1176 339 1243 V,
356 1176 498 1244 ἡπεδανὼν
517 1177 535 1244 i,
552 1178 694 1245 ηπεδανὼν
714 1177 732 1244 f,
753 1177 897 1247 biadastis
916 1177 973 1232 rell.
993 1178 1069 1234 codd.
1088 1185 1116 1232 et
1134 1179 1196 1233 edd.
1214 1187 1274 1235 moe

154 1264 259 1330 Herm,
283 1262 329 1331 qui
351 1261 481 1315 Bernardi
503 1261 714 1315 emendationem
739 1262 909 1314 πευκεδανῶν
933 1263 979 1330 (ad
997 1263 1099 1318 Pallad.
1117 1263 1152 1318 de
1169 1265 1273 1319 Febrib.

153 1365 180 1417 p.
192 1350 236 1416 70)
255 1348 373 1401 Gesnero
386 1361 492 1413 qnoque
505 1346 645 1413 probatam
657 1353 730 1399 recte
742 1347 853 1414 recepit,
873 1349 1024 1417 »ἠπεδανὸς
1041 1348 1111 1402 enim
1129 1350 1275 1417 imbecillis,

155 1431 226 1501 quod
247 1433 292 1485 hie
317 1432 397 1498 plane
423 1430 598 1496 contrarium,
626 1432 789 1491 πεοιεδανὸς
810 1432 957 1486 mortifer«.
983 1433 1079 1488 Gesn.
1117 1433 1275 1504 Obloqnitur

156 1518 226 1572 Wiel
243 1532 270 1583 p.
282 1519 316 1569 30
335 1529 412 1567 »nam
430 1515 564 1584 ἠπεδανὸς
581 1530 634 1567 non
652 1514 737 1568 solum
757 1515 790 1569 de
810 1531 841 1569 eo
860 1516 932 1584 qnod
951 1517 1038 1570 debile
1056 1523 1106 1586 est,
1125 1518 1174 1572 sed
1193 1518 1227 1573 de
1245 1535 1274 1573 eo

155 1603 237 1656 etiam
254 1599 326 1668 quod
344 1597 465 1652 debilitat
482 1599 510 1652 in
527 1614 577 1652 usu
595 1598 647 1651 luit
665 1615 825 1667 quamquam
837 1615 907 1655 raro.
937 1602 1035 1654 Confer
1051 1602 1133 1656 buius
1150 1604 1274 1657 carminis

155 1703 179 1740 v.
196 1687 247 1741 376
267 1685 360 1753 [vulp]
380 1685 526 1754 ὴπεδανοῖο
544 1684 676 1751 δείματος,
700 1691 811 1752 praeter
827 1701 953 1752 magnum
972 1703 1064 1740 corum
1081 1687 1272 1743 adiectivorum

154 1785 306 1836 numerum,
331 1771 376 1837 qui
398 1768 486 1822 media
510 1768 625 1836 quadam
647 1772 745 1821 natura
763 1784 778 1821 e
796 1770 904 1823 notione
925 1771 1032 1837 passiva
1049 1771 1158 1825 facilem
1175 1773 1274 1826 habent

154 1855 296 1908 transitum
313 1855 341 1907 in
360 1855 497 1907 activam«.
523 1853 598 1906 Idem
610 1869 636 1920 p.
648 1856 680 1906 13
691 1853 795 1906 confert
814 1869 854 1908 av.
866 1857 899 1906 22
913 1857 1009 1914 νοῦσος
1025 1852 1115 1915 ἄκικυς
1133 1856 1168 1910 de
1185 1858 1274 1912 morbo

155 1939 202 2008 qui
219 1939 349 2007 debilitat,
366 1954 448 2006 ouum
468 1936 540 2005 apud
551 1942 656 1991 veteres
675 1934 764 1996 ὀκοιος
781 1935 809 1988 id
826 1943 931 1990 tantum
950 1938 1081 2006 significet
1100 1940 1173 2007 quod
1190 1941 1275 1996 debile

155 2030 197 2079 est
216 2025 329 2092 ipsum«.
364 2022 465 2090 Recepi
482 2021 613 2075 Bernardi
637 2022 830 2088 coniecturam3
855 2021 935 2097 longe
950 2024 1023 2076 ,enim
1041 2024 1095 2078 alia
1113 2032 1155 2078 est
1173 2041 1232 2089 res,
1254 2025 1275 2079 si

155 2109 325 2164 substantivis
343 2108 485 2160 abstractis
503 2106 592 2174 qualia
609 2113 671 2160 sunt
693 2109 805 2169 νοῦσος,
829 2107 908 2169 δεῖμα
932 2108 990 2173 (cfr.
1009 2107 1120 2178 χλωρὸν
1142 2110 1205 2170 δέος
1223 2111 1274 2164 Ηο·

155 2195 293 2259 moricum)
314 2191 407 2244 addita
428 2189 561 2243 adiectiva
579 2205 594 2242 e
612 2190 700 2243 media
721 2189 914 2258 significatione
937 2191 965 2244 in
987 2192 1102 2246 activam
1126 2200 1273 2257 transeunt,

155 2293 235 2346 quam
253 2278 276 2329 si
293 2276 364 2329 idem
382 2274 479 2329 accidit
496 2273 642 2338 adiectivis,
661 2291 730 2343 quae
744 2275 895 2330 nominibus
913 2277 1030 2345 aliquam
1042 2279 1184 2333 materiam
1196 2278 1273 2332 deno

154 2395 273 2448 tantibus
289 2393 430 2460 (βέλεμνα,
449 2395 526 2461 puta)
546 2393 684 2446 accedunt.
701 2423 733 2434 -
751 2394 875 2458 βλέμνων
894 2395 930 2461 B3
950 2425 980 2434 -
1001 2361 1127 2464 ozopntoi
1146 2396 1180 2460 V,
1199 2415 1274 2465 σκορ-

154 2479 213 2540 πίος
224 2478 313 2533 BPal.
326 2479 382 2533 ais.
399 2508 434 2518 ·-
452 2480 507 2531 501
521 2479 606 2548 κόρση
618 2481 655 2544 Α;
673 2478 788 2546 βροτείη
801 2480 833 2530 Α.
852 2509 885 2518 -
903 2479 966 2531 602
985 2478 1110 2537 ὀξυτάτιο
1121 2483 1162 2549 A;
1180 2481 1274 2553 βάκχα

154 2569 185 2620 Δ.
203 2596 236 2605 -
254 2566 316 2617 503
333 2565 443 2634 κελενῆς
459 2565 490 2631 33
514 2564 668 2616 ὀσπιδόσιαν
687 2566 725 2626 Α;
755 2563 787 2633 ἰῷ
804 2563 826 2616 Ρ
843 2565 871 2616 in
888 2570 975 2626 textu,
993 2564 1049 2618 Pal.
1068 2566 1097 2619 in
1115 2572 1195 2622 textu
1201 2588 1209 2631 ς
1228 2567 1274 2622 aed

154 2651 194 2703 λον
211 2649 291 2704 iidem
309 2651 338 2704 in
354 2666 438 2718 marg.
457 2680 489 2690 -
508 2666 549 2703 vv.
567 2653 625 2703 504.
642 2652 693 2703 506
711 2650 749 2700 sic
767 2648 860 2716 scripti
879 2649 985 2701 suntin
1004 2650 1041 2703 A:

356 2745 451 2811 μέτρα)
469 2743 493 2794 δ’
514 2744 542 2801 ὅς
559 2760 605 2793 κεν
624 2739 674 2793 ἴσον
691 2742 762 2804 μίξει
777 2741 927 2812 ῥοδόεντος
946 2741 1034 2793 ἐλαίου

359 2829 445 2893 κύψας
461 2829 491 2878 ἐκ
508 2829 593 2896 πνρός
610 2829 703 2892 ὀπτὸν,
722 2827 751 2876 ἐν
770 2827 905 2896 αόχενίαις
922 2827 1046 2897 ὀδύνησιν

154 2929 182 2982 in
200 2929 376 2984 deterioribus
394 2935 484 2982 autem
501 2927 637 2981 codicibus
656 2927 727 2980 etin
746 2926 804 2980 edd.
822 2934 885 2980 ante
902 2928 993 2981 Herm.
1012 2928 1063 2981 sic:

355 3023 450 3092 μέτρῳ
469 3021 494 3073 δ’
513 3022 543 3081 ύς
560 3039 606 3072 κεν
623 3018 695 3085 μίξει
713 3020 842 3088 ραόύεντι
859 3020 941 3090 ἐλαίῳ

358 3106 447 3172 κάψας
464 3107 494 3157 ἐκ
512 3107 597 3173 πυρὸς
615 3106 681 3158 ὀπὸν
700 3106 865 3176 ἐναυχενίαις
883 3106 1005 3159 ὀδύναισι

155 3209 201 3262 nbi
217 3211 319 3272 μίξειεν
342 3208 419 3276 edd,
439 3209 544 3276 μέτρον
562 3208 590 3259 δ’
608 3209 638 3267 ὃς
654 3209 727 3272 μῖξαι
751 3226 795 3270 μιν
817 3210 843 3277 ρ,
862 3209 900 3260 el.
918 3209 964 3276 M;
988 3210 1098 3274 κάμψας
1120 3211 1159 3279 il,
1180 3212 1275 3278 βάψας

156 3289 215 3344 edd.
232 3292 294 3346 inde
313 3309 329 3347 a
347 3293 451 3360 Steph.;
470 3292 534 3344 ὀπύν
553 3308 602 3346 om.
618 3293 662 3354 M;
681 3294 710 3343 ἐν
730 3293 977 3363 αόχενίαιςΒΡιιΙ.;
995 3293 1106 3365 ὀδύνῃσι
1121 3295 1161 3363 M,
1179 3296 1273 3366 ὀδύνῃ·

156 3393 198 3427 σιν
215 3376 305 3430 Herm.
342 3379 389 3430 »ln
411 3378 477 3430 ὀπὸν
501 3377 615 3445 primam
637 3378 750 3446 produci
772 3383 885 3445 propter
907 3378 1080 3445 asperitatem
1104 3378 1273 3434 consonantis

155 3459 209 3514 iam
226 3457 325 3537 dictum
343 3461 377 3515 ad
394 3462 430 3528 11,
448 3462 490 3516 37.
511 3463 547 3530 [v.
566 3463 617 3517 375
635 3462 717 3530 vulp]
749 3461 801 3515 Sed
824 3461 888 3530 quid
906 3462 955 3515 sibi
973 3462 1031 3515 vult
1053 3463 1149 3528 βάψας
1167 3465 1211 3532 ἐκ,
1234 3463 1275 3517 vel

156 3544 291 3610 ἐκβάντα.
324 3545 368 3598 An
390 3547 454 3605 ὀπὸς
475 3546 504 3598 ἐκ
527 3547 613 3612 πυρὸς
637 3552 679 3601 est
696 3562 791 3600 succus
809 3548 923 3609 fervens,
941 3553 972 3599 ut
989 3552 1032 3601 est
1049 3547 1082 3601 de
1099 3549 1163 3616 igne
1181 3547 1224 3603 vel
1241 3562 1273 3600 ex

155 3631 211 3698 igni
229 3628 355 3683 ablatus?
384 3631 436 3684 Sed
448 3631 517 3684 forte
535 3632 628 3685 melior
646 3637 687 3686 est
705 3631 791 3686 altera
803 3630 882 3685 lectio
900 3633 998 3696 κάψας,
1016 3647 1131 3700 sumens,
1149 3633 1273 3701 glutiens.

154 3713 224 3769 idihi
240 3713 274 3767 N.
292 3713 324 3766 1..
344 3730 403 3766 cum
420 3731 470 3770 nec
488 3717 546 3785 quis
565 3718 631 3775 ὀπὸς
652 3716 697 3769 hio
719 3733 753 3769 ex
770 3716 859 3784 lapide
877 3721 1001 3784 paretur,
1025 3716 1155 3770 videam«.
1180 3717 1273 3771 Gesn.

157 3794 255 3870 Πέτρῳ
274 3800 302 3850 δ’
320 3799 349 3858 ὅς
365 3817 411 3850 κεν
430 3800 529 3863 μίξειεν
547 3801 673 3870 ῥοδόεντι
694 3802 775 3872 ἐλαίῳ
792 3803 887 3867 βάψας
906 3803 936 3852 ἐκ
956 3802 1040 3861 πύους
1057 3800 1111 3868 (vel
1130 3801 1209 3867 πύον,
1233 3797 1274 3852 vel

155 3881 250 3950 πάσας)
267 3882 348 3951 ὀπόν,
373 3883 509 3954 αόχενίαις
525 3886 648 3938 ὀδύναισι
671 3885 757 3953 ἄλκαρ
781 3883 840 3955 ἄγει
861 3888 931 3941 coni.
949 3887 1069 3955 Tyrum,
1092 3886 1164 3953 quod
1182 3886 1273 3940 vertit:

156 3962 272 4035 »lapidi
289 3971 379 4019 autem
396 3967 460 4021 huic
477 3969 499 4020 si
517 3970 575 4036 quis
592 3971 765 4026 immiscuerit
776 3987 887 4026 rosaceo
905 3972 965 4026 oleo
983 3973 1095 4025 tinctum
1113 3987 1148 4024 ex
1160 3971 1273 4025 colostro

156 4049 298 4131 munium
321 4050 383 4104 colli
407 4051 542 4106 doloribus
565 4055 711 4109 remedium
734 4054 838 4109 affert«.
873 4056 979 4110 Moschi
1002 4056 1134 4110 scholion:
1160 4055 1275 4112 οαότόι
