2866 4620
628 324 819 400 ..g..

158 515 314 599 plurimos
343 518 458 584 citatos
488 519 635 603 Orpheus
658 521 744 586 solus
778 529 880 609 σοφοῦ
905 549 938 588 τε
968 528 1016 590 καὶ
1045 525 1132 591 θείου
1160 533 1286 616 ποιητοῦ

159 620 346 701 cognomine
375 627 518 687 ornatur.
559 623 620 687 Hic
642 624 822 690 Demetrius
845 628 1008 711 exemplar
1030 649 1123 692 suurn
1145 630 1286 694 immane

159 729 314 804 quantum
336 727 369 788 et
384 724 467 788 vitiis
492 730 524 789 et
546 725 845 807 interpolationibus
869 735 1056 812 corruptum
1079 730 1226 810 fideliter,
1250 739 1286 795 ut

158 823 300 902 videtur,
329 827 563 915 transscripsit,
592 829 739 920 nonnisi
769 829 857 894 brevi
880 831 1082 912 praefatione
1112 840 1145 896 et
1174 832 1285 914 paucis

159 925 354 1007 quibusdam
381 927 508 993 scholiis
543 929 672 994 additis.
724 931 774 994 Ex
802 931 896 996 huius
927 934 1102 1016 exemplari
1131 932 1284 1016 descripti

159 1033 235 1092 sunt
263 1020 370 1094 omnes
397 1029 513 1112 reliqui
541 1036 669 1114 praeter
696 1033 724 1096 A
746 1033 887 1112 codices,
917 1056 956 1099 ex
986 1056 1121 1117 quorum
1151 1055 1284 1099 numero

158 1136 267 1201 aman
289 1132 549 1196 mendosissimus
577 1139 702 1197 tantum
725 1134 807 1199 liber
828 1136 991 1200 Parisinus
1013 1141 1089 1201 ante
1112 1158 1162 1201 me
1184 1158 1205 1201 a
1226 1138 1285 1201 cri·

102 1311 107 1322 ,
158 1231 230 1297 ticis
252 1234 414 1300 adhibitus
437 1241 516 1300 erat.
563 1237 644 1300 Sunt
666 1242 775 1302 autem
796 1237 847 1304 hi:

244 1331 292 1394 B:
328 1337 399 1403 cod.
429 1337 599 1402 Bernensis
629 1337 843 1404 bibliothecae
871 1341 988 1405 civicae
1016 1363 1063 1405 nr.
1087 1343 1149 1406 369
1181 1340 1282 1404 chart.

158 1457 243 1502 saec.
256 1437 340 1517 XVI,
358 1459 451 1520 quem
464 1437 579 1518 insigni
595 1437 793 1503 humanitate
804 1439 1057 1523 Budapostinum
1069 1444 1283 1507 transmitten-

159 1541 237 1604 dum
260 1541 383 1605 curarit
404 1545 538 1621 rogante
561 1540 718 1605 Gulielmo
740 1541 894 1621 Fraknon
925 1543 1126 1608 Hermannus
1149 1543 1283 1608 Bloesch

158 1641 372 1708 bibliothecae
394 1643 512 1709 civicae
527 1645 707 1727 praefectus
730 1645 969 1711 illustrissimus.
1005 1647 1115 1712 (lodex
1130 1645 1183 1711 hic
1197 1669 1282 1712 men-

160 1744 326 1809 dosissime
349 1745 487 1829 scriptus
511 1752 568 1826 est,
592 1753 624 1811 et
646 1747 798 1813 nonnulla
821 1748 944 1813 Moschi
966 1749 1087 1814 scholia
1109 1749 1239 1814 omittit.

235 1840 292 1911 M:
315 1847 384 1912 cod.
401 1849 630 1915 Ambrosianus
646 1851 681 1916 (l.
694 1854 734 1916 80
749 1852 804 1916 inf.
824 1853 858 1916 in
872 1852 927 1918 fol.
944 1853 1045 1918 chart.
1061 1873 1143 1917 saec.
1156 1851 1216 1916 XV
1232 1873 1280 1916 ex,

160 1954 239 2019 satis
261 1958 410 2020 accurate
433 1957 570 2040 scriptus
593 1956 635 2021 ab
658 1957 787 2022 homine
809 1957 969 2035 litterato,
1001 1955 1057 2036 qui
1085 1975 1149 2020 non
1180 1953 1281 2018 solum

157 2055 253 2142 plura
276 2057 469 2122 deteriorum
492 2058 638 2124 codicum
661 2059 739 2122 vitia
753 2060 837 2123 inter
851 2056 1055 2122 scribendum
1069 2058 1117 2121 ita
1133 2057 1280 2134 correxit,

157 2162 194 2222 nt
225 2179 297 2223 cum
327 2160 355 2222 A
385 2160 513 2240 saepius
551 2160 750 2224 consentiens
782 2158 1057 2239 deprehendatur,
1095 2158 1151 2222 sed
1185 2158 1281 2221 etiam

158 2279 282 2324 errores
313 2260 488 2341 antiquitus
517 2258 655 2322 traditos
685 2259 857 2324 emendare
886 2278 1055 2340 aggressus
1085 2265 1150 2334 est3
1185 2279 1283 2344 quare

157 2361 250 2425 huius
272 2359 346 2425 libri
369 2360 507 2442 graviter
528 2359 715 2442 interpolati
737 2381 800 2424 non
823 2379 939 2439 magna
962 2364 1010 2424 est
1033 2362 1217 2426 auotoritas.

242 2455 293 2524 P:
324 2462 393 2527 cod.
423 2463 523 2527 Paris.
556 2462 768 2528 bibliothecae
790 2463 961 2528 nationalis
992 2484 1038 2527 nr.
1067 2465 1152 2527 2764
1182 2461 1283 2526 chart.

157 2585 239 2630 saec.
264 2563 338 2628 XVI
367 2565 506 2630 ineuntis
534 2585 554 2628 a
583 2565 688 2647 prima
715 2569 752 2629 ut
778 2565 904 2630 videtur
933 2585 1031 2630 manu
1060 2569 1221 2630 correctus
1252 2568 1285 2625 et

160 2667 315 2732 Demetrii
338 2667 461 2733 Moschi
483 2668 610 2733 scholiis
638 2672 779 2734 ornatus.
831 2668 1011 2751 Excerptae
1034 2689 1073 2732 ex
1094 2666 1156 2732 hoo
1177 2664 1285 2730 codice

158 2769 265 2833 variae
296 2768 449 2834 lectiones
484 2788 549 2831 una
583 2787 654 2832 curn
689 2768 831 2831 maxima
862 2773 957 2851 parte
983 2767 1175 2833 scholiorum
1208 2771 1286 2830 tuno

158 2872 314 2954 temporis
336 2870 530 2934 ineditorum
554 2867 684 2949 Orpheo
708 2869 904 2932 Gesneriano
928 2869 1073 2933 adiectae
1095 2873 1178 2946 sunt,
1201 2866 1285 2931 unde

157 2977 273 3057 postea
293 2971 327 3036 in
348 2970 512 3054 Tyrwhitti
535 2975 567 3035 et
589 2969 762 3034 Hermanni
784 2968 941 3033 editiones
963 2973 1113 3048 receptae
1136 2973 1219 3032 sunt.

63 3217 68 3224 ’
159 3209 187 3263 in
210 3225 262 3276 quo
287 3207 320 3261 de
339 3206 454 3260 Chirone
472 3205 543 3259 inter
560 3206 613 3259 alia
630 3205 698 3258 haec
721 3205 858 3259 dicuntur:
888 3205 930 3256 ὅτι
953 3204 983 3255 δὲ
1006 3203 1050 3254 καὶ
1074 3203 1247 3271 δικαιοσύνης
1271 3203 1285 3254 ὁ

160 3294 364 3368 προειρημένος
381 3295 437 3346 τῶν
451 3289 598 3355 πολεμικῶν
612 3291 723 3359 ἐπήσκει
741 3289 901 3348 διδάσκαλος
918 3288 997 3357 λόγος
1013 3288 1077 3357 ἡμῖν
1094 3291 1182 3354 σοφοῦ
1194 3304 1225 3338 τε
1243 3287 1287 3339 καὶ

160 3383 237 3435 θείου
255 3383 370 3450 ποιητοῦ
389 3376 572 3442 διαπιατώσει,
591 3376 698 3444 ἀρφέονς
713 3375 783 3442 λέγω
801 3378 853 3426 τοῦ
877 3375 990 3444 ἀρᾳκός,
1009 3375 1041 3433 ὃς
1058 3374 1126 3425 τάδε
1150 3372 1213 3440 περὶ
1238 3375 1287 3423 τοῦ

157 3469 293 3540 χείρονος
316 3463 519 3534 ἀπεφθέγξατο.
561 3463 627 3515 Post
649 3461 721 3514 hanc
747 3460 894 3514 orationem
919 3459 973 3513 alia
997 3459 1118 3526 sequitur
1142 3458 1170 3510 in
1194 3455 1287 3508 eodem

160 3552 265 3607 codice:
284 3554 333 3604 τοῦ
356 3551 441 3602 αὐτοῦ
464 3548 563 3615 μελέτη
583 3546 746 3615 σονηγορικὴ
765 3545 836 3612 πρὸς
852 3544 984 3615 μιχαῆλαν
1008 3544 1072 3612 περὶ
1095 3542 1192 3607 κλοπῆς
1216 3537 1286 3606 ὑπὲρ

161 3641 211 3691 τοῦ
229 3638 359 3706 εὐγενοῦς
377 3635 480 3688 παύλοο
498 3635 549 3684 τοῦ
568 3629 785 3700 σγουρομάλλοο.
813 3629 891 3681 Hanc
909 3627 1009 3693 excipit
1027 3629 1076 3677 τοῦ
1088 3624 1175 3676 αὐτοῦ
1186 3622 1286 3691 μελέτη

162 3723 232 3792 ὑπὲρ
250 3727 302 3774 τοῦ
320 3720 526 3790 ἀναβεβηκότος
543 3717 678 3787 ἀριστέως
695 3715 778 3772 ξένοιν
797 3713 840 3764 ἐπὶ
858 3714 889 3764 τὸ
907 3715 997 3781 τεῖχος
1014 3709 1133 3771 πολέμου
1152 3706 1232 3765 ὄντος
1244 3707 1288 3758 καὶ

164 3808 325 3876 νικήσαντος
342 3806 386 3858 καλ
403 3804 564 3874 κρινομένου
582 3799 764 3869 παρανόμων·
790 3799 871 3860 νόμου
890 3795 1047 3854 κελεύοντος
1064 3795 1101 3863 μὴ
1120 3792 1222 3844 ἀνιέναι
1240 3791 1287 3844 τὸν

162 3891 242 3950 ξένον
262 3889 306 3942 ἐπὶ
324 3890 356 3941 τὸ
375 3891 475 3959 τεῖχος,
492 3902 561 3956 quae
579 3886 632 3938 hac
649 3882 843 3948 subscriptione
861 3879 967 3933 finitur:
985 3880 1065 3939 τέλος
1083 3885 1131 3947 τῆς
1150 3878 1219 3945 ὑπὲρ
1238 3879 1288 3927 τοῦ

162 3977 298 4046 ἀριστέως
320 3968 434 4043 μελέτης
457 3971 606 4042 δημητρίοο
631 3971 678 4020 τοῦ
701 3969 806 4036 μόσχου
832 3969 882 4018 τοῦ
907 3965 1028 4023 λα’κιονος
1052 3965 1082 4016 ἐν
1108 3962 1224 4020 ένετίαις
1245 3959 1289 4011 καὶ

162 4059 264 4130 ταύτης
280 4059 350 4126 μετὰ
369 4061 426 4110 τῶν
445 4054 531 4109 ἄλλων
551 4042 748 4122 συντεθείσης]
