2866 4620
607 353 824 417 -57-

153 535 220 608 έρχε
231 551 264 604 α;
283 535 366 608 έρχειν
379 533 470 591 Herm.
487 565 522 578 -
540 535 595 589 216
609 533 777 606 καρποφόρα
789 537 823 603 A,
837 535 1004 606 καοαοφόρῳ
1015 533 1121 604 Tyrvih.
1135 541 1164 589 ct
1174 536 1205 590 Β.
1218 534 1275 591 slo-

153 621 282 688 thouwcr,
302 620 374 689 quod
385 633 473 688 rooop.
484 620 578 675 Herm.
589 620 769 691 καρποφόρον
786 617 844 673 roll.
857 618 933 675 codd.
946 625 975 674 οι
989 618 1048 674 odd.
1066 619 1135 673 κατὰ
1147 619 1178 677 Ρ.
1197 621 1277 675 νότον

153 702 245 759 BPsl.
257 705 290 759 V.
314 735 348 746 -
371 704 426 759 217
443 704 598 759 θαλλῶνται
615 705 648 759 δ’
664 702 721 775 ἄρα
738 705 773 767 A,
797 704 945 758 θιέλλονται
961 705 990 758 d’
1009 702 1067 776 ἄρα
1083 705 1147 759 ΒΜ
1158 705 1192 770 V,
1211 705 1278 759 θάλ·

153 789 253 842 λωνται
270 789 300 842 d’
319 785 375 859 ἄρα
387 790 410 844 Ρ
421 789 478 844 Pal.
496 790 551 844 sil.
570 790 678 861 θαλλῷ·
696 789 742 844 ταλ
752 789 782 842 d'
795 786 852 859 ἄρα
869 790 977 859 egregio
990 790 1083 859 Stcph.
1102 796 1130 845 ct
1147 789 1206 846 rell.
1217 789 1278 846 odd.

154 903 185 916 ·-
205 874 260 928 218
275 874 461 944 φιρεγλαγνιές
477 875 500 930 Β
519 881 582 931 anto
600 891 669 931 corr.
686 877 848 948 στιχόιννται
865 876 899 945 A,
922 877 1067 932 τελέθουσι
1083 876 1106 931 Ρ
1124 875 1149 931 V
1169 882 1198 931 ct
1215 875 1276 932 old

154 963 217 1013 clito
234 958 326 1013 Herm,
344 958 504 1014 τελέθουσιν
522 960 580 1014 roll.
592 959 669 1015 codd.
682 966 711 1014 ct
727 960 818 1014 Herm.
836 990 871 1002 -
889 962 944 1015 212
959 962 986 1014 ολ
1003 962 1032 1015 δ’
1050 963 1073 1017 Ρ
1090 967 1118 1018 ot
1135 960 1196 1017 odd.
1213 965 1277 1016 sntc

153 1042 245 1097 Herm.
263 1040 330 1096 οἵδ’
341 1044 408 1099 AB.
425 1042 463 1116 ιλρ
474 1045 507 1109 Β,
525 1043 562 1116 λρ
574 1044 606 1102 P.
620 1045 689 1116 ὑπέρ
701 1044 732 1100 Μ
742 1047 764 1101 P
776 1045 869 1102 Palv
887 1054 916 1101 οι
932 1045 992 1102 odd.
1008 1051 1073 1103 anto
1086 1047 1178 1102 Herm.
1197 1045 1279 1116 ὑπερλ

153 1127 192 1195 Β;
210 1126 262 1181 ὑπὸ
280 1131 349 1182 coni.
361 1128 440 1182 Goon.
461 1129 576 1184 »Melius
593 1136 665 1184 essct
683 1129 747 1183 ὁταλ
763 1148 791 1194 μ.
821 1129 874 1186 Ssd
886 1130 1002 1186 tortuoso
1020 1131 1088 1202 ιλιιλρ
1105 1146 1167 1187 cum
1184 1147 1277 1202 ιορισ·

154 1212 270 1276 οιλμινοι
296 1213 459 1281 iungendum
482 1220 540 1277 οιιι
563 1230 634 1271 cum
657 1229 692 1270 so
716 1215 1063 1283 super-sctisvcrint
1099 1215 1186 1270 Huius
1204 1221 1278 1270 corto

154 1296 256 1352 formos
275 1296 437 1353 adiectivum
460 1296 488 1353 in
506 1314 557 1354 usu
580 1305 622 1353 est
646 1298 817 1370 ὑπιρνιορήιι
837 1299 962 1369 Tyrwh.
996 1299 1124 1355 Proluit
1140 1301 1279 1369 vulgatum

155 1379 224 1436 Wicl
236 1399 263 1452 p.
274 1388 308 1439 38
326 1384 414 1454 ipsum
426 1384 537 1439 verbum
555 1384 773 1454 ὑκιρνιορέννιιμι
785 1383 900 1439 alicnus
914 1399 947 1438 cx
961 1384 1082 1454 Theogn.
1093 1400 1119 1439 v.
1134 1388 1200 1440 1158
1212 1383 1279 1438 οὔτι

151 1468 208 1540 γὰρ
225 1468 259 1523 ἂν
277 1471 394 1525 πλούτου
417 1470 506 1534 θυμὸν
527 1471 734 1541 θαιρνιορέσαις.
770 1470 854 1524 Recto
878 1476 968 1524 tomen
992 1469 1083 1522 Herm.
1101 1468 1180 1537 onai,
1205 1468 1277 1538 quod

153 1553 235 1608 etism
252 1554 280 1609 in
297 1555 324 1609 A
342 1561 432 1622 extat,
456 1554 567 1627 recepit
611 1553 645 1610 El
662 1556 691 1609 δ’
710 1553 762 1626 ἄρ’
783 1555 962 1624 λαερμαζῶσι
985 1553 1042 1608 sino
1060 1568 1140 1608 sensu
1159 1553 1279 1610 Bornord

154 1636 190 1692 od
207 1636 299 1708 Synos.
318 1639 351 1696 dc
370 1639 464 1695 lobrib.
476 1657 504 1711 p.
515 1644 557 1696 40.
573 1671 609 1683 -
627 1642 683 1695 221
698 1639 768 1694 »Ὅτι
785 1640 829 1693 dol
846 1643 907 1707 τῶν,
917 1642 1054 1706 γυναικῶν
1071 1640 1159 1707 μιγελς
1176 1639 1277 1702 έλέθος

153 1723 309 1793 μελικράτῳ
326 1725 414 1778 ταύτὸ
431 1725 544 1779 δύναται
567 1727 638 1797 ὅπερ
658 1726 702 1779 inl
720 1730 775 1779 τῶν
794 1725 880 1793 αλγῶν
898 1723 976 1807 docte
992 1724 1150 1796 θαλασσίῳ(
1170 1724 1277 1781 Moschi

154 1840 237 1895 solos
253 1841 326 1899 ineo.
345 1842 395 1895 νον
413 1843 505 1897 coll.
516 1845 543 1899 v
560 1849 588 1897 et
606 1842 666 1898 eol.
684 1849 747 1898 anto
764 1842 856 1897 serm.
879 1808 929 1913 ci»
941 1843 973 1908 P,
992 1844 1043 1913 ορ
1056 1843 1081 1896 s
1093 1843 1132 1912 M,
1151 1844 1223 1913 quos
1241 1858 1276 1901 ox

153 1923 309 1980 Schneidsri
322 1925 508 1982 emendatione
521 1942 610 1996 roccp.
623 1928 715 1983 Herm.
725 1929 840 1996 γυναῖκα
852 1943 901 1996 pro
912 1928 1025 1996 μιγέντα
1037 1943 1071 1983 ox
1084 1929 1181 1996 glossa.
1197 1937 1228 1986 ut
1239 1932 1276 1986 vl·

153 2009 240 2074 detur,
258 2012 293 2065 cd
312 2012 417 2082 νύμφην
437 2021 472 2077 (ν.
483 2016 545 2081 222)
562 2013 714 2082 pertinento
730 2013 769 2068 M.
787 2043 822 2054 -
839 2014 903 2066 222
921 2012 1031 2077 πινέμεν
1047 2012 1069 2066 Β
1083 2012 1104 2066 P
1117 2013 1172 2068 Pol.
1186 2010 1275 2070 Vsii.

151 2127 186 2136 —
209 2098 272 2150 223
296 2099 425 2162 μαστοῖσι
444 2097 509 2162 BV,
533 2099 657 2151 ἀενάοισι
685 2097 780 2166 scripsi
808 2113 842 2151 cx
865 2098 903 2168 A,
935 2097 981 2166 qui
1009 2097 1150 2151 λεννάοισι
1175 2098 1274 2164 holten

153 2180 285 2236 ιιναέοισι
298 2183 320 2237 Β
334 2184 364 2237 Μ
383 2183 438 2252 (hic
456 2183 564 2252 quidem
582 2198 642 2238 cum
660 2183 749 2251 glossa
766 2181 889 2251 ἡμέροις)
906 2181 1035 2237 ΡΡιλ.λῙ
1053 2187 1081 2235 οι
1098 2181 1158 2237 cdd.
1177 2199 1277 2240 omncs.

154 2264 225 2332 quod
245 2273 292 2321 »ut
307 2269 449 2337 parvulum
467 2267 551 2323 fllium
569 2268 689 2323 mammis
707 2268 868 2322 inebriatum
886 2267 922 2323 sd
934 2267 1021 2323 cubile
1034 2267 1119 2323 ierat«
1138 2275 1277 2324 verterunt

152 2349 285 2406 Eschonb.
304 2358 332 2407 ct
350 2353 430 2407 Goon.
471 2351 502 2407 In
521 2352 631 2422 vulgato
651 2353 765 2408 lcctlonc
781 2353 883 2422 primus
906 2350 1019 2407 offendit
1035 2350 1108 2408 Wicl
1124 2359 1152 2422 ρ’.
1168 2356 1211 2424 89,
1230 2354 1276 2425 qui

152 2435 304 2491 ολθατέοιοι
319 2438 428 2507 scripsit
448 2437 535 2506 »quod
553 2444 584 2493 ut
601 2437 716 2505 legator,
735 2453 817 2506 quum
834 2451 878 2490 ros
896 2436 955 2504 ipso
972 2451 1059 2505 poeno
1076 2451 1174 2505 cogere
1185 2436 1276 2495 video·

151 2528 204 2591 tur,
222 2529 279 2577 tum
297 2525 481 2594 exemplorum
502 2523 640 2578 luculento
657 2523 736 2590 copis
753 2535 921 2589 summopore
940 2519 1011 2574 idom
1032 2520 1208 2576 commendat
1228 2523 1275 2578 cfr.

152 2606 257 2676 Grinoss.
276 2612 310 2663 22
333 2609 391 2675 (λΧ.
409 2612 471 2674 loo)
495 2608 538 2662 cel
560 2610 667 2671 μαστοῦ
690 2606 824 2675 πλὴθσται
847 2606 984 2658 οὐθατέον.
1009 2605 1069 2660 Nic.
1089 2605 1168 2660 Alox.
1185 2612 1220 2662 90
1244 2611 1276 2681 ἠέ

152 2690 217 2760 σύγ’
236 2692 408 2747 οὐθατθιντα
426 2693 526 2745 διοιδέα
546 2693 632 2757 μαζὸν
656 2689 774 2756 ιλμέλξας
797 2696 825 2745 ot
846 2692 873 2744 in
890 2690 942 2746 hoc
960 2691 1077 2745 csrminc
1095 2707 1121 2745 v.
1140 2694 1196 2746 191.
1214 2695 1274 2749 696.

153 2775 263 2845 [vulgis
300 2775 352 2831 Sed
372 2777 458 2846 magis
474 2776 557 2832 ctiam
574 2780 638 2846 opto
661 2776 756 2828 ἀέναοι
772 2776 874 2839 μαστοέ
892 2775 1018 2831 dicuntur
1035 2789 1165 2830 mammos
1182 2776 1275 2832 mulis·

152 2858 204 2922 ris,
229 2876 310 2929 quam
332 2862 467 2930 galactitis
484 2877 537 2931 opo
554 2862 729 2932 cooperatoria
749 2861 897 2917 reddidisti.
918 2892 947 2902 -
965 2863 1060 2932 ιιομέζη
1077 2864 1104 2916 A
1115 2863 1154 2925 M,
1173 2862 1277 2925 κομίζοι

151 2943 209 2999 roll.
228 2945 304 3000 codd.
324 2952 352 3000 et
369 2945 429 3002 odd.
447 2962 547 3003 omncs.
570 2977 603 2989 -
629 2948 694 3000 224
717 2945 785 2999 λοίαν
803 2948 837 3000 A.
855 2946 985 3016 έροιήσιι
1005 2945 1082 3002 codd
1100 2947 1166 3001 dett
1184 2961 1277 3002 omncs

152 3035 180 3083 et
198 3028 257 3086 edd.
276 3037 339 3086 coto
357 3031 450 3100 Steph.
468 3047 537 3088 corr.
556 3032 637 3087 etism
655 3031 747 3087 Perdi.
766 3061 798 3074 -
820 3032 882 3084 225
903 3031 947 3084 val
964 3032 995 3084 δέ
1012 3049 1046 3084 σι
1063 3031 1107 3086 ml
1123 3031 1189 3098 βαι.
1207 3031 1275 3087 coni.

151 3115 272 3170 Bornord
290 3116 324 3171 ad
345 3116 462 3172 Psollum
474 3117 508 3172 dc
520 3117 588 3186 hap.
599 3133 625 3187 p.
641 3120 686 3180 1³3
704 3116 820 3171 altorum
836 3117 884 3170 καί
898 3122 962 3171 ants
973 3115 1039 3182 βαι.
1059 3115 1131 3185 quod
1148 3116 1276 3170 omittunt

151 3201 227 3258 codd.
246 3208 273 3255 ct
291 3203 395 3270 primos
413 3200 594 3264 oddsddidit
611 3200 704 3271 steph.
722 3207 750 3257 οι
772 3202 816 3254 ιιλ
839 3203 920 3256 ctiam
939 3202 1101 3270 epitomator
1117 3202 1146 3255 in
1164 3215 1213 3254 suo
1231 3214 1277 3254 co·

152 3285 210 3340 dico
228 3286 324 3355 legisse
342 3286 456 3356 videtur,
474 3286 540 3341 dicit
557 3287 642 3342 enim:
665 3287 709 3339 ιαλ
726 3288 769 3340 ὅτι
787 3289 834 3341 τὸν
852 3291 951 3340 τοῦτον
969 3290 1109 3357 φοροῦντα
1127 3285 1180 3338 καλ
1196 3284 1276 3351 βασι·

151 3370 208 3430 λιῖς
225 3376 275 3425 etc.
293 3404 327 3414 -
345 3375 500 3428 αλδέσονται
516 3374 608 3430 BPsl.
621 3374 654 3428 V.
675 3402 701 3413 -
724 3373 787 3427 227
808 3373 837 3426 έν
852 3373 936 3444 χιρσλ
958 3373 990 3435 Β,
1015 3372 1084 3425 λάαν
1103 3373 1136 3425 Α.
1156 3402 1187 3412 -
1212 3370 1276 3424 228

150 3457 211 3509 dccl
229 3459 262 3520 A,
282 3458 343 3511 νόον
362 3457 439 3514 codd.
451 3457 515 3513 dett.
536 3459 609 3527 (νόοο
626 3457 695 3528 Pal.)
714 3464 742 3513 ot
760 3457 819 3514 odd.
838 3465 901 3513 onte
913 3458 1005 3513 Herm.
1024 3457 1071 3526 qui
1093 3458 1145 3527 νόῳ
1163 3455 1277 3524 scripsit

150 3572 184 3583 -
202 3543 266 3596 228
286 3543 424 3616 έταράονν,
435 3543 512 3600 codd.
529 3552 557 3598 et
574 3542 635 3600 odd.
653 3550 716 3598 autc
731 3544 823 3599 Herm.
844 3544 891 3597 λα’
910 3543 1006 3613 λράονν
1025 3541 1131 3612 Tyrwh.
1151 3546 1198 3595 »ut
1215 3556 1277 3596 con·

152 3631 265 3686 structio
283 3631 327 3699 sit,
345 3630 488 3692 έααέοντες
504 3629 610 3700 ἀράων.
642 3629 712 3684 Nam
729 3628 821 3699 έπαρέ
839 3667 907 3685 ....
924 3628 952 3683 in
969 3627 1067 3682 malam
1084 3632 1190 3695 portem
1207 3625 1277 3680 ccci·

152 3712 234 3781 pilai,
252 3722 283 3770 ιιι
299 3719 433 3786 ιαιαρόι.
452 3715 499 3771 έπ·
518 3714 614 3785 ἀρέων
632 3715 724 3768 Herm.
753 3714 819 3771 Post
835 3713 907 3768 hunc
918 3728 1025 3769 vorsum
1043 3712 1165 3780 sequitur
1182 3710 1277 3766 titulus

152 3814 292 3870 πιτραιης
314 3800 342 3854 in
367 3801 426 3856 odd.
443 3807 508 3857 soto
525 3799 630 3870 Tyrwh.
666 3799 699 3853 ln
716 3799 792 3855 codd.
812 3799 878 3856 dett.
897 3799 977 3855 huius
1001 3799 1059 3855 loco
1083 3797 1162 3853 unius
1184 3811 1277 3852 vorsus

151 3882 268 3949 spatium
290 3899 404 3939 vacuum
428 3885 551 3940 relictum
573 3883 616 3938 vcl
631 3903 652 3956 χ
672 3883 701 3938 in
715 3885 773 3956 χρή
796 3885 878 3939 minio
895 3885 997 3953 pictum
1014 3888 1063 3938 ost.
1096 3882 1154 3938 Noc
1171 3881 1273 3951 titulus,

153 3982 203 4021 nec
221 3968 337 4036 spatium
354 3975 395 4023 cst
412 3969 441 4022 in
459 3973 492 4024 A.
518 3996 547 4008 -
575 3970 639 4022 230
658 3969 812 4039 τετραογέα
829 3971 868 4037 A,
893 3968 964 4038 quod
987 3968 1015 4021 in
1032 3968 1110 4036 epist
1128 3984 1154 4036 p.
1175 3971 1205 4021 ll
1224 3966 1276 4022 hoc

152 4051 231 4106 Plinii
249 4052 308 4108 loco
325 4051 443 4107 firmavi:
461 4052 495 4108 N.
512 4052 547 4107 Η.
565 4056 607 4121 87,
629 4056 668 4118 10,
689 4057 749 4108 161:
769 4053 933 4123 »Eupotslos
951 4057 1118 4121 quattuor
1140 4051 1276 4107 colores

150 4137 266 4201 hobel,
285 4136 445 4205 coeruleum,
456 4136 573 4205 igneum,
590 4138 662 4203 mini,
680 4137 769 4193 mali«.
781 4168 815 4179 -
826 4139 965 4206 τιτράκεα
977 4137 1041 4192 (λιιι
1054 4153 1155 4193 omnes.
1173 4137 1275 4205 πιτρά·
