2866 4620
594 350 828 415 ..108-

147 532 256 600 pissime
268 535 339 587 enim
350 531 421 604 ἔχειν
434 531 503 587 dixit
514 540 606 589 noster
617 534 650 589 de
663 533 804 602 lapidibus,
822 548 952 605 nusquam
971 536 1102 606 παρέχειν
1109 555 1117 598 ;
1136 535 1184 588 cfr.
1199 535 1272 590 indi·

149 633 207 672 com
224 617 415 673 vocabulorum
432 635 453 673 s.
470 635 496 672 s.
515 619 584 690 ἔχοι
603 619 708 689 τόννιερ
726 618 838 693 ἔχοντες
854 619 911 674 rell.
930 617 1005 674 codd.
1024 619 1118 688 (etiam
1134 620 1174 684 V,
1194 628 1275 690 puto,

148 703 182 758 de
201 719 253 771 qno
271 719 324 757 non
341 704 444 770 notavi)
466 709 492 757 et
510 704 569 760 edd.
588 712 650 758 ante
663 704 753 758 Herm.
773 734 804 746 -
825 705 888 759 760
908 701 1049 773 ἅνθρωποι
1067 704 1143 759 codd.
1162 711 1191 759 et
1209 705 1273 760 edd.

148 793 211 841 ente
232 788 338 850 Herm.;
367 787 461 840 δύοντο
485 788 560 843 codd.
582 789 644 857 aii,
668 790 759 842 θυέων
782 806 814 841 τε
839 788 899 844 edd.
917 789 979 843 inde
1002 805 1019 843 a
1042 789 1133 858 Steph.
1165 790 1275 845 »Vertit

148 871 282 939 interpres
296 872 397 941 [Geso]
422 887 516 941 quem
534 873 695 927 habentis
706 874 861 938 ,hominis
879 875 955 944 quusi
972 875 1102 944 scriptum
1120 880 1192 928 esset
1210 875 1274 928 τόν·

149 972 203 1025 περ
226 955 334 1026 ἔχοντος
358 957 514 1026 ἀνθρώπου,
555 959 593 1012 Et
615 959 654 1012 sio
677 958 785 1026 opinor,
807 959 887 1013 scribi
909 959 1018 1014 debet(
1042 959 1173 1027 Tyrwh.
1210 960 1271 1014 Iam

148 1039 281 1096 Eschenb.
303 1043 396 1096 vertit:
424 1042 525 1097 (luins
546 1058 786 1111 possessorum
807 1044 985 1100 hominum.
1027 1045 1059 1097 ln
1081 1044 1152 1098 idem
1176 1045 1275 1100 incidit

149 1125 261 1179 Pierson
279 1127 402 1181 Verisim.
419 1145 446 1196 p.
464 1132 530 1196 211,
553 1129 713 1197 improbarit
738 1129 821 1183 licen
848 1129 883 1184 ad
903 1129 983 1197 Greg.
1002 1129 1062 1184 (lor.
1080 1145 1106 1197 p.
1124 1133 1173 1196 34,
1196 1144 1272 1185 rece·

150 1209 193 1278 pit
210 1210 301 1265 Herm.
337 1211 465 1265 Codicum
483 1213 644 1281 scriptorem
662 1213 725 1267 licet
742 1229 796 1268 non
813 1213 891 1267 nimis
909 1214 1060 1282 elegantem
1077 1213 1272 1268 restituendam

149 1310 208 1350 esse
225 1295 341 1350 iudicari
359 1295 386 1348 in
405 1297 493 1364 Epist.
511 1313 538 1364 p.
553 1302 591 1351 19.
604 1301 646 1351 20.
662 1327 692 1337 -
714 1297 770 1349 7⁶1
782 1301 875 1365 χομνῶ
887 1299 921 1359 A,
938 1301 1047 1366 γυμνῶν
1064 1297 1087 1351 Β
1105 1302 1169 1351 ante
1187 1313 1271 1361 corne

150 1381 239 1452 ράχεν
257 1380 313 1434 sis.
333 1410 362 1420 —
384 1381 446 1432 762
462 1379 582 1440 εἴκεντες
598 1381 657 1448 eif3
676 1382 778 1448 τρίψας
790 1382 833 1446 Μ;
852 1380 926 1449 ipsos
942 1399 975 1444 αι
994 1383 1100 1452 ἀιιάνδή
1112 1383 1146 1435 Α.
1159 1410 1190 1421 -
1208 1383 1273 1436 766

151 1464 251 1534 δήιδσοι
262 1467 297 1533 A,
316 1466 416 1535 δήώαοι
427 1467 449 1519 Β
459 1466 480 1519 P
490 1466 547 1519 Pal.
566 1474 593 1519 et
611 1466 670 1520 edd.
683 1472 746 1520 onte
758 1467 849 1520 Herm.
864 1467 977 1538 (δήιδσοι
989 1467 1048 1522 edd.
1059 1467 1122 1520 inde
1134 1482 1151 1521 o
1163 1466 1273 1537 Steph.)

148 1549 241 1618 δηώοη
259 1549 289 1602 Μ
308 1553 378 1616 (cum
390 1550 478 1618 glossa
495 1551 601 1620 βλάψῃ)
613 1557 641 1604 et
652 1551 684 1614 V.
704 1552 800 1623 δήώαή
819 1552 910 1606 Herm.
928 1569 964 1606 ex
980 1552 1062 1619 coni.;
1079 1553 1155 1604 αὐτῶ
1177 1551 1211 1605 Α.
1236 1583 1272 1594 -

151 1633 214 1686 764
236 1636 357 1703 νεορίτής
373 1635 412 1703 A,
438 1635 554 1706 νευρίτις
577 1636 727 1691 ΒΡΡαΠ
750 1643 778 1691 et
802 1637 861 1691 odd.
881 1643 944 1690 unte
964 1637 1069 1702 Herm,
1093 1639 1215 1704 νεορῖτις
1233 1636 1272 1708 Μ,

150 1718 279 1789 νεβρίτής
295 1719 386 1772 Herm.
405 1734 439 1772 ex
457 1720 598 1788 Tyrrhitti
620 1721 689 1774 coni.
706 1721 741 1774 ad
759 1737 784 1774 v.
802 1724 854 1776 748
874 1716 1033 1789 (νΝεβρῖτις
1049 1721 1091 1774 sel
1109 1721 1202 1790 potins
1223 1717 1273 1776 Ns·

150 1805 298 1875 βρίτήςα).
318 1835 349 1844 -
369 1804 442 1873 ἔρδει
454 1807 479 1858 A
489 1806 528 1868 M,
547 1804 622 1876 ἔρδει
639 1806 697 1861 rell.
709 1805 784 1860 codd.
804 1812 831 1860 et
843 1806 917 1874 edd.;
934 1806 1026 1878 ἀάδχαν
1037 1807 1071 1860 Δ.
1092 1835 1120 1846 -
1142 1806 1206 1859 766
1215 1803 1272 1859 Ἔν·

151 1892 201 1941 διν
219 1890 263 1942 καὶ
281 1889 430 1942 zaream„
460 1890 603 1944 »Fortasse
614 1889 682 1944 haec
700 1890 734 1944 de
751 1890 804 1945 alio
821 1890 911 1959 lapids
924 1888 1050 1945 dicuntur
1067 1895 1095 1943 et
1112 1890 1274 1959 imperfecta

149 1980 220 2030 sunt.
255 1975 299 2030 sic
316 1975 397 2044 paulo
416 1981 479 2029 onte
494 1972 590 2028 Ἐνδεν
610 1975 694 2042 ἐγών,
719 1981 746 2029 et
764 1975 855 2029 statim
877 1981 939 2043 post
956 1972 1054 2028 Ἐνδεν
1071 1974 1116 2027 καὶ
1134 1975 1183 2028 σέο
1202 1981 1272 2030 etos

149 2061 265 2128 Steph.
302 2060 397 2114 »Certe
416 2060 542 2113 dicuntur
564 2059 597 2114 de
614 2059 704 2128 lapide
722 2058 974 2129 chrysoprasio
996 2064 1027 2113 ut
1044 2059 1179 2113 Gesnerus
1197 2059 1273 2114 vidit

150 2145 182 2197 In
202 2158 256 2198 ver.
270 2147 321 2198 750
341 2143 435 2212 [vulp]
453 2144 543 2197 malim
559 2144 684 2197 oe'oxele.
710 2142 783 2197 Nihil
802 2143 896 2198 deesse
911 2144 1014 2199 credo«
1034 2143 1160 2213 Tyrwh.
1186 2143 1273 2214 Maio·

149 2245 205 2282 rem
229 2230 346 2282 litteram
368 2228 396 2281 in
414 2225 510 2278 Ἐνδεν
529 2243 579 2295 ego
600 2227 706 2281 demum
725 2228 812 2296 posui.
830 2258 863 2270 ·-
881 2215 944 2283 766
960 2229 1084 2299 κρατερὰ
1096 2230 1135 2290 Αι
1154 2229 1272 2281 dearsit

149 2313 240 2367 Herm.
260 2328 294 2366 ex
317 2312 458 2381 Tyrwhitti
479 2312 562 2375 coni,
585 2312 704 2364 θέσκελα
727 2311 803 2366 codd.
827 2318 856 2366 et
879 2313 936 2366 rell.
956 2313 1032 2381 edd.;
1054 2313 1142 2386 πέτρῃ
1163 2313 1221 2368 aii.
1240 2343 1272 2354 -

149 2398 215 2450 Post
232 2412 254 2450 v.
269 2399 319 2452 757
337 2412 431 2450 versus
448 2397 564 2465 spatium
582 2411 696 2449 vacuum
708 2397 832 2451 relictum
849 2397 877 2450 in
888 2396 1053 2466 BPPol.V;
1070 2399 1165 2452 titulus
1180 2397 1273 2469 χαρά·

150 2483 206 2543 (roe
223 2488 264 2535 est
281 2483 309 2535 in
328 2482 387 2536 edd.
405 2487 469 2536 ante
487 2482 592 2550 Tyrwh.
618 2511 649 2522 -
674 2479 738 2534 768
753 2481 868 2552 χαλάζιι
891 2481 968 2536 codd.
985 2487 1094 2550 praeter
1112 2482 1148 2549 P,
1172 2483 1201 2536 in
1220 2498 1272 2552 qno

145 2568 265 2639 χαβάζιε
284 2574 325 2622 est
344 2573 405 2636 post
423 2582 504 2632 corr,
526 2566 646 2638 χαβάζιι
669 2565 729 2620 edd.
747 2573 810 2619 ante
828 2567 933 2634 Herm,
957 2568 1003 2635 qui
1021 2567 1163 2636 Tyrrhitti
1181 2567 1268 2622 come

149 2660 253 2708 cturam
267 2653 382 2726 χαλάξιε
400 2653 510 2721 recepit.
535 2682 567 2692 -
592 2652 654 2704 769
675 2652 755 2715 dono
776 2655 812 2715 Α;
836 2650 886 2705 ’σεο
904 2651 1109 2719 ABMPPal.,
1133 2655 1184 2704 σεῦ
1204 2650 1271 2722 [Vi]

149 2737 209 2792 edd.
226 2769 261 2778 -
279 2739 333 2792 761
347 2757 398 2802 μου
410 2738 450 2805 Α;
467 2737 648 2806 βεβολημένα
660 2737 700 2804 Α;
717 2733 781 2808 ή’ρα
795 2736 826 2790 Β.
843 2767 877 2777 -
897 2737 959 2788 762
976 2735 1092 2806 Λητοΐδη
1111 2735 1160 2787 σέο
1176 2737 1273 2808 μέχρις

149 2823 215 2886 ἐμοῦ
232 2821 316 2884 codd,
335 2823 385 2875 nisi
404 2822 475 2890 quod
494 2820 622 2892 ληδοΐδή·
640 2822 671 2874 Μ
690 2828 717 2874 et
734 2826 864 2888 punctum
878 2821 930 2887 (vel
943 2825 1057 2888 comma)
1074 2825 1138 2874 ants
1156 2822 1207 2874 σέο
1226 2819 1271 2875 ha·

149 2907 213 2961 bent
231 2905 306 2962 codd.
326 2906 392 2962 dett.
411 2912 438 2959 et
457 2906 519 2962 edd.
537 2907 601 2960 inde
619 2921 636 2959 o
654 2905 746 2974 Steph.
765 2921 850 2975 usqne
868 2906 903 2959 ad
921 2905 1022 2973 Herm,
1041 2905 1086 2973 qui
1104 2905 1221 2960 sustulit.
1239 2933 1270 2946 ·-

152 2993 213 3046 763
230 2991 379 3055 ἐσσύμενοι
402 2993 468 3044 τάδε
491 2993 581 3044 πάντα
605 2992 731 3062 ἀμήχανα
754 2991 821 3058 φησὶ
844 2991 987 3057 πιφάαιιειν
1011 2989 1087 3044 codd.
1106 2991 1271 3058 (ἐσσομένας

150 3083 212 3131 ante
224 3092 291 3132 corr.
305 3075 342 3138 V)
360 3082 388 3130 et
406 3075 465 3130 edd.
484 3081 547 3129 ante
563 3075 664 3142 Herm,
682 3074 753 3144 quod
766 3074 804 3127 sic
821 3075 903 3128 vertit
920 3074 1111 3129 Esohenlraoh:
1130 3075 1269 3130 »Latonas

151 3162 212 3226 Fili,
230 3162 375 3217 Poeantius
391 3161 486 3228 Heros,
503 3161 544 3214 tui
566 3160 661 3229 plenus
677 3159 751 3228 dicit,
768 3159 838 3213 haee
855 3159 888 3212 ad
906 3175 949 3212 me
967 3175 1051 3228 usque
1070 3159 1159 3214 omnis
1177 3161 1269 3214 hecto·

151 3263 202 3302 nus
220 3247 348 3316 perplexe
373 3245 495 3314 exposita
516 3245 629 3312 fuisse«,
652 3244 754 3298 Gesner
771 3252 861 3298 sutem
880 3244 930 3297 sic:
959 3244 1094 3298 »Latonae
1113 3244 1181 3308 Fili,
1203 3246 1269 3299 haec

152 3341 200 3386 tus
224 3333 312 3388 omnia
334 3332 369 3386 ud
391 3347 434 3385 me
451 3346 536 3399 nsque
560 3329 704 3384 Poeantius
728 3330 808 3383 heros
830 3328 961 3383 audacter
983 3329 1022 3382 ait
1044 3344 1073 3383 se
1097 3328 1270 3397 impossibilia

150 3418 272 3472 dixisse«
309 3420 425 3470 »Versus
443 3416 552 3484 primus,
571 3422 602 3468 ut
618 3415 733 3483 ridetur,
754 3415 850 3468 misere
867 3415 976 3468 luxatus
993 3418 1042 3481 est,
1066 3419 1094 3467 et
1111 3413 1179 3467 mihi
1196 3428 1269 3482 pror·

149 3518 195 3557 sus
211 3502 372 3557 insanabilis.
407 3501 439 3554 ln
457 3502 582 3568 secundo,
601 3500 652 3553 nisi
670 3500 782 3553 multum
799 3500 885 3568 fallor,
904 3501 1054 3567 posteriora
1072 3500 1111 3553 sic
1129 3498 1269 3554 scribenda

149 3595 211 3643 sunt
231 3620 259 3629 -
280 3588 346 3642 τάδε
364 3588 454 3640 πάντα
473 3588 599 3659 ἀμήχανα
616 3586 685 3656 φημὶ
703 3587 872 3654 πιφάανιειν.ι
898 3584 1026 3654 Tyrwh.
1042 3613 1076 3624 -·
1094 3583 1155 3647 ἐμοὶ
1175 3582 1205 3637 ll.
1224 3583 1268 3654 ήρ.

148 3673 303 3737 ἑσπόμενος
319 3673 385 3725 τάδε
403 3671 493 3724 πάντα
510 3676 541 3734 μ’
561 3673 687 3741 ἀμήχανα
706 3672 772 3724 coni.
791 3670 902 3739 Musgr,
921 3672 968 3722 τέο
986 3670 1081 3739 μέχρις
1099 3674 1128 3721 ei
1145 3668 1269 3733 κεκλομέ-

149 3775 197 3819 soc
212 3758 280 3813 coni.
292 3757 456 3812 Tiedemann
468 3773 510 3825 op.
524 3758 628 3823 Herm.;
646 3756 770 3828 λήτοΐδής
782 3757 813 3808 ἔα
824 3773 858 3818 με
872 3759 1011 3825 χρησμοῦ,
1031 3751 1175 3813 Ποιάντιας
1188 3751 1268 3822 ήριος,

149 3844 311 3909 ἀασινμένοις
333 3843 400 3895 τάδε
425 3844 508 3895 πάντ’
531 3842 688 3912 ἐπαρήχόνα
710 3842 776 3911 φησὶ
797 3841 957 3908 πιφαύσκειν
982 3839 1089 3906 scripsit
1112 3838 1204 3891 Herm.
1225 3835 1269 3905 qui

149 3926 238 3983 sedin
257 3927 332 3982 »Hoc
344 3927 422 3981 dicit:
440 3926 605 3982 Latonius
621 3926 672 3979 sui
689 3942 737 3979 me
752 3925 885 3979 oraculi
906 3923 1055 3992 cupidis,
1072 3922 1174 3975 heros
1191 3921 1268 3976 Poe·

151 4010 262 4078 sntio,
284 4011 369 4065 haec
391 4013 502 4065 omnia
524 4012 695 4066 salutarie
718 4012 854 4078 aperire
877 4010 979 4064 iubet.
1015 4009 1176 4076 Sequentia,
1202 4019 1267 4075 quiae

149 4111 204 4152 non
221 4095 290 4151 bens
307 4110 378 4150 nexa
390 4103 452 4150 sunt
463 4113 480 4149 ο
491 4103 580 4164 poeta,
599 4097 627 4149 in
639 4097 710 4150 hanc
722 4097 882 4149 sententiam
893 4094 1030 4149 dicuntur:
1049 4093 1161 4148 sorori
1178 4103 1267 4145 mese
