2866 4620
596 316 814 383 -109-

148 500 258 559 fatale
277 500 362 571 init,
379 506 416 555 ut
432 500 465 555 ei
481 514 545 555 uon
563 500 776 555 crederetur:
793 500 873 555 mihi
891 500 1034 557 credero
1053 507 1128 557 tuto
1144 512 1270 572 poten«

149 586 309 643 »Ηιαῑοαιιι
325 586 502 641 Hermanno&
537 584 590 641 sed
609 584 638 641 id
659 586 760 655 ipsum,
784 585 857 656 quod
879 587 1020 655 mouentia
1043 603 1097 642 non
1120 587 1201 653 bene,
1226 594 1274 642 aut

148 670 222 743 quud
237 672 342 727 reatina
358 670 459 727 dixorla
480 670 587 725 omnino
610 686 664 725 uon
682 678 845 738 nexerunt,
871 672 937 725 satis
961 672 1144 728 demonstrare
1162 680 1271 741 poterat

149 770 186 813 ea
201 772 274 827 quae
293 754 461 825 praecedunt
482 756 532 811 tali
553 758 717 811 correctione
740 773 793 811 non
810 766 956 825 persanata
974 774 1056 813 esse«
1082 758 1167 813 Wiel
1185 774 1211 827 p.
1230 762 1272 813 21.

149 842 300 897 hunno
321 840 394 895 idem
416 840 489 895 Wiel
514 840 568 895 ἰοιιι
591 846 653 910 po
676 850 818 897 monuerat
839 842 987 897 Hennanni
1011 844 1093 896 πάντ’
1112 844 1273 915 troporum

151 926 196 983 rel
212 942 248 981 ea
264 924 325 981 oola
341 940 424 981 canoa
440 925 505 979 terri
522 942 576 981 non
593 942 680 995 posse,
698 927 768 995 qnod
783 934 864 996 poeta
876 936 968 982 noster
985 928 1123 982 elisionem
1140 935 1202 996 post
1219 936 1273 983 ter-

152 1010 185 1065 tlt
200 1010 280 1081 pedis
295 1010 378 1065 araim
395 1010 423 1065 iu
440 1016 499 1065 toto
515 1011 632 1066 carmine
649 1028 785 1081 nunquam
802 1012 946 1065 admiserit.
977 1012 1039 1080 lpse
1057 1013 1128 1066 Wiel
1145 1012 1213 1068 haec
1231 1030 1273 1067 ar·

150 1096 259 1167 guttura
269 1093 385 1165 protulit
395 1110 422 1163 p.
435 1098 482 1150 21:
509 1095 595 1162 »Quid
611 1112 675 1150 vero
693 1096 848 1164 simplicius,
866 1112 946 1163 quant
963 1104 1079 1165 poetam,
1097 1104 1126 1151 ut
1143 1106 1206 1165 post
1218 1099 1273 1154 lon-

152 1180 257 1251 giorem
272 1178 455 1235 mnasonem
471 1178 530 1234 deri
547 1180 655 1249 assolet,
673 1181 732 1235 sed
749 1182 833 1236 hoec
850 1180 1028 1245 hactenus,
1046 1182 1089 1235 vel
1106 1182 1191 1237 simile
1209 1182 1273 1251 qnid

153 1262 263 1321 mxime.
295 1264 356 1321 Hoc
372 1264 460 1335 posito
477 1266 517 1321 sie
533 1266 632 1321 scribe:

222 1388 271 1439 νῦν
289 1384 380 1456 coepe,
398 1382 429 1437 do
442 1402 475 1437 ατ
483 1386 541 1457 χρὴ
554 1386 622 1451 ἐμοῦ
635 1384 776 1445 Ποιάντιος
792 1386 870 1456 ἥρως
887 1387 942 1439 sire
960 1386 991 1437 ἕο
998 1388 1105 1457 χρῇζτς
1124 1388 1204 1449 daed:

150 1522 213 1577 iam
238 1519 414 1591 accopleti
441 1536 527 1589 quae
553 1520 670 1575 audire
697 1535 783 1575 anre
811 1523 951 1589 optasti.
998 1522 1105 1577 Etenim
1130 1530 1273 1589 regaverat

153 1606 317 1663 Philocteteo
333 1604 466 1660 Helenum
483 1611 514 1658 nt
530 1604 650 1659 remedia
667 1612 761 1659 contra
778 1614 918 1675 serpentes
936 1622 964 1661 se
983 1608 1114 1661 edoceret.
1134 1608 1168 1663 ot.
1186 1622 1210 1661 r.
1222 1610 1273 1661 388

152 1688 246 1759 [vulg]
329 1686 377 1743 cfr.
395 1687 639 1757 frequentissimum
657 1690 723 1743 illud
740 1691 822 1742 ὅττεό
840 1707 873 1743 σε
888 1693 954 1761 χρή,
989 1692 1073 1746 Sicuti
1093 1701 1183 1745 autem
1202 1692 1273 1745 eriti-

151 1788 243 1831 corum
259 1788 371 1844 operam
388 1773 416 1827 in
434 1772 600 1827 emendando
618 1774 670 1828 hoe
688 1774 746 1829 loeo
764 1773 922 1828 collocatam
939 1775 967 1829 id
980 1778 1148 1845 potissimum
1161 1775 1273 1829 frustra-

150 1864 207 1913 tum
223 1864 280 1923 eet,
302 1856 374 1927 quod
392 1856 470 1913 ambo
488 1872 580 1912 versus
602 1859 727 1913 inanius
750 1860 899 1913 sententiae
923 1860 1051 1913 ambitum
1074 1858 1273 1927 coniungendas

151 1958 208 1999 ente
224 1942 373 2013 putabunt,
396 1942 436 1996 ita
453 1942 592 1996 disiunctis
615 1943 667 1998 illis
685 1943 806 1997 versibus
829 1951 927 2012 poetae
943 1960 1037 1997 manus
1054 1945 1082 1997 iu
1100 1951 1215 2009 utroque
1233 1942 1272 1997 fa-

154 2026 204 2083 cile
221 2027 400 2097 cognoscitur.
426 2028 563 2082 Posterior
580 2029 650 2081 enim
668 2044 761 2083 versus
779 2030 849 2083 unde
866 2046 936 2084 novo
952 2029 1057 2083 orditur
1074 2029 1215 2094 sententia,
1234 2028 1273 2081 sio

152 2111 336 2167 mtituendue
352 2118 408 2167 eet:
434 2112 494 2165 ἔστι
510 2114 562 2177 μὲν
581 2114 613 2174 ὃς
629 2115 697 2167 τάδε
717 2116 806 2167 πάντα
822 2117 855 2179 μ’
873 2114 1000 2186 ἀμήχανα
1017 2132 1083 2184 φησι
1104 2113 1272 2179 πιφαύσκειν.

151 2194 237 2265 Quam
254 2197 468 2251 emendationem
485 2205 586 2252 certam
610 2215 669 2253 esse
686 2200 729 2255 vol
753 2216 788 2253 ex
810 2216 843 2255 eo
863 2202 1036 2270 intelligitur,
1059 2198 1131 2269 quod
1148 2198 1200 2252 hene
1218 2214 1272 2253 uno

150 2282 254 2337 ηνίοοο
270 2280 317 2335 hic
333 2296 425 2337 versus
444 2298 505 2338 oum
527 2286 700 2353 sequentibus
724 2286 861 2339 commode
882 2286 1062 2355 coniungitur.
1097 2286 1183 2340 Poeta
1201 2284 1271 2339 onim

151 2364 228 2421 dicite
245 2366 315 2421 erit
332 2367 386 2435 qui
403 2367 489 2423 haec
507 2371 613 2425 omnia
630 2371 853 2426 incredibilia
873 2388 890 2427 a
907 2388 954 2427 me
975 2372 1134 2427 ennarrari
1152 2370 1272 2438 opine·

150 2460 219 2512 tur:
235 2460 271 2512 at
287 2455 374 2510 enim
391 2457 518 2527 Apollo
535 2459 642 2527 ipsam
660 2474 808 2514 sororem
829 2476 928 2513 meam
947 2457 1169 2513 Cassandram
1186 2456 1272 2509 vati·

152 2540 325 2597 cluentem
349 2538 452 2594 fidem
475 2543 631 2598 invenire
653 2544 773 2599 noluit.
813 2544 975 2597 l‘artieularn
998 2543 1026 2595 in
1049 2540 1271 2609 interpretatione

151 2632 298 2695 propterea
316 2624 538 2694 interponendam
556 2629 628 2696 duxi,
646 2645 699 2697 quo
717 2630 823 2697 planius
835 2644 903 2696 quae
920 2628 990 2680 inter
1008 2634 1149 2692 utramque
1167 2629 1272 2677 senten·

152 2710 217 2767 ern
233 2710 305 2765 ratio
321 2710 503 2765 intercederet
525 2712 733 2779 intelligeretur,
758 2727 839 2779 quant
862 2711 884 2763 si
906 2724 1006 2777 ponere
1029 2707 1157 2761 voluisset
1181 2712 1271 2775 poeta,

152 2796 219 2851 elle
235 2796 292 2865 γὰρ
310 2810 358 2851 suo
376 2796 435 2852 loeo
453 2803 525 2863 erat;
543 2812 596 2865 qua
613 2798 711 2851 omissa
729 2802 858 2864 qnantum
869 2793 1069 2862 perspicuitatis
1087 2793 1174 2845 oratio
1193 2793 1270 2847 amit·

152 2880 194 2949 tit,
212 2886 320 2937 tantum
338 2897 373 2936 ox
389 2882 521 2937 brevitate
539 2882 679 2950 gravitatis
700 2887 728 2934 et
745 2881 871 2949 ponderis
888 2880 999 2934 accedit.
1036 2877 1162 2932 (laterum
1180 2878 1272 2932 conier

156 2962 270 3019 limilem
288 2965 447 3020 sententiam
459 2982 483 3021 v.
494 2968 545 3020 509
563 2964 629 3025 ὅτις
640 2983 683 3016 τοι
695 2966 799 3031 ψεῦδός
815 2982 860 3016 κεν
873 2966 951 3034 φαίη·
970 2964 1003 3015 τὸ
1016 2963 1044 3014 δ’
1056 2964 1191 3034 ἐτήτυμον
1210 2963 1272 3017 olda

152 3050 316 3123 τετύχθαι(
334 3050 424 3105 Wiel
442 3066 469 3119 p.
480 3054 522 3106 21.
551 3049 683 3118 Equidem
702 3064 789 3117 neque
807 3050 939 3103 rationem
956 3047 1028 3101 illam
1048 3063 1117 3115 quae
1135 3048 1272 3102 interitus

152 3134 299 3191 tententiae
315 3134 484 3189 intercedere
501 3134 614 3199 dicatur,
631 3148 674 3186 me
692 3132 850 3199 intellegere
867 3133 963 3200 fateor,
981 3147 1068 3199 neque
1086 3134 1171 3185 tribus
1190 3132 1272 3186 conti·

150 3218 210 3273 nuit
230 3216 368 3286 asyndetis
389 3224 417 3271 et
439 3216 568 3271 vocabalo
591 3217 733 3287 ἀμήχανον
758 3233 807 3286 pro
831 3216 1030 3271 incredibili
1053 3223 1183 3283 usurpato
1207 3216 1272 3284 quin

151 3300 272 3357 offendar
294 3300 384 3355 facere
407 3315 522 3369 possum.
561 3300 631 3353 Mihi
652 3305 734 3368 poeta
754 3301 821 3354 haee
840 3299 929 3354 dicere
947 3300 1067 3355 videtur:
1092 3298 1184 3367 »Quae
1202 3315 1273 3354 nuuc

150 3384 200 3441 uti
217 3384 284 3451 dlxi,
301 3384 390 3439 omnia
407 3384 441 3439 ab
452 3384 577 3453 Apolline
595 3389 708 3451 accepta
724 3400 789 3437 uera
806 3399 864 3437 esse
882 3382 993 3438 affirmo.
1024 3384 1190 3438 Cassandrae
1208 3400 1272 3439 sane

150 3468 236 3525 sorori
253 3483 330 3523 meae
347 3483 426 3523 nemo
443 3466 522 3521 fldem
539 3467 639 3522 habere
657 3468 760 3536 potuit,
781 3482 832 3535 ego
850 3474 941 3522 autem
959 3469 1022 3523 olim
1040 3484 1104 3522 vera
1123 3470 1211 3523 omnia
1227 3484 1270 3523 me

150 3551 357 3609 redemtionem
375 3566 433 3606 esse
450 3552 544 3619 iuravi,
562 3567 646 3620 quare
663 3552 729 3605 mihi
747 3552 854 3619 quidem
871 3552 982 3607 eredere
999 3561 1101 3621 potes«
1139 3553 1182 3606 Ad
1199 3554 1271 3623 prio·

149 3652 207 3695 mr
224 3637 374 3692 tententiae
391 3644 497 3706 partem
514 3637 561 3691 eir.
579 3654 604 3691 v.
622 3641 674 3691 400
696 3635 759 3689 οὔτέ
775 3654 811 3699 με
834 3639 912 3689 παῖδ’
935 3639 1074 3691 ἐδίδασκεν
1092 3640 1269 3709 ἀκειρεκόμης

149 3722 295 3794 ἀγορεύειν
316 3720 497 3790 μαντοσύνας,
514 3739 538 3776 v.
557 3726 653 3790 blsssq.
674 3721 755 3773 τοῦδε
838 3741 886 3786 μοι
969 3721 1068 3791 Φοῖβος
1089 3725 1268 3795 ἀκειρεκόμης

149 3808 232 3878 φύσιν
246 3808 361 3874 ἔμμεναι
373 3849 380 3861 .
392 3848 399 3863 .
410 3810 532 3875 μυθεῖτ’,
543 3824 567 3861 v.
579 3811 630 3862 698
642 3807 667 3859 εἰ
677 3807 706 3858 d'
718 3805 768 3876 ἄγε
781 3809 896 3881 δέχνυσο
907 3811 1010 3874 μῦθον·
1027 3810 1082 3878 ἐγὼ
1094 3810 1122 3861 δ’
1137 3810 1219 3879 ἐδάην
1234 3810 1270 3863 τά

148 3910 180 3947 ue
196 3893 279 3955 λέξιν.
310 3892 411 3961 Scripsi
428 3909 493 3961 ergo
511 3892 644 3963 Λητοΐδαο
657 3893 732 3959 μάλα
745 3898 881 3967 χρησμοῖς
900 3892 1042 3954 Ποιάντιος
1059 3896 1135 3965 ἦμιος
1150 3896 1271 3962 ἑσπόμε-

152 3995 199 4034 νον
216 3978 286 4031 τιίδτ
303 3979 394 4031 πάντα
415 3980 447 4042 μ’
469 3977 574 4047 ἀληθέα
593 3979 661 4049 φημὶ
683 3980 853 4048 πιφαύσκειν.
872 4010 903 4020 -
924 3980 987 4032 704
1005 3996 1040 4034 an
1058 3980 1089 4032 δὲ
1104 3980 1271 4054 χολούμενος

149 4062 279 4134 ean-ipsit?
300 4092 336 4105 -
360 4063 422 4116 teo
436 4061 544 4116 ἅπαντα
560 4065 637 4119 eodd.
656 4072 684 4118 et
701 4064 759 4119 edd.
777 4071 840 4120 ante
858 4065 964 4133 Herna,
987 4066 1034 4135 qui
1051 4066 1190 4120 Merriokii
1208 4081 1272 4120 con·
