2866 4620
649 324 881 390 -181-

202 518 255 578 tur
280 513 315 578 in
342 512 494 578 extremis
527 512 648 596 Libyae
686 512 832 596 partibus
867 513 952 578 circa
984 511 1095 597 Syrtes
1126 510 1325 592 expulsusa

202 616 285 682 mari
306 636 365 698 per
387 620 608 700 tempestates.
655 615 742 682 Idem
767 617 907 682 nascitur
927 621 961 682 et
982 617 1015 681 in
1038 615 1173 699 Apuliae
1194 612 1324 695 regione

204 718 290 801 apud
312 718 497 783 Lucaniam.

289 820 484 902 Damigeron
507 820 630 884 scribit:

290 923 351 987 Hic
372 923 496 1004 integer
517 928 550 988 et
571 928 685 1005 potens
706 923 830 987 vicisset
851 942 975 989 omnem
998 923 1148 988 virtutem
1170 919 1359 1003 lapidumfi

204 1025 258 1105 qui
279 1026 436 1090 maximae
459 1027 619 1108 potentias
641 1024 741 1089 habet
762 1030 795 1088 et
818 1025 851 1088 in
875 1025 987 1107 primis
1007 1025 1195 1090 tutamentis
1215 1041 1326 1089 nume·

203 1133 302 1192 ratur.
347 1130 407 1207 Qui
430 1127 529 1193 habet
550 1148 624 1210 ergo
645 1127 731 1191 huno
753 1124 909 1208 lapidem,
937 1133 1079 1192 armatus
1101 1130 1151 1191 est
1173 1124 1326 1190 adversus

206 1250 330 1295 omnem
352 1230 510 1309 fraudem,
536 1237 568 1296 et
592 1231 742 1296 omnibus
763 1229 927 1295 maleficiis
948 1236 982 1297 et
1000 1229 1086 1313 apud
1100 1230 1234 1294 insidias
1248 1229 1325 1295 alio·

204 1352 276 1395 rum
297 1332 442 1416 lapidum
465 1333 595 1398 resistit.
642 1333 743 1397 Huius
770 1336 878 1398 tamen
908 1331 1063 1397 naturalis
1088 1332 1234 1415 potentia
1255 1351 1325 1397 esse

206 1433 313 1500 divina
335 1437 460 1501 dicitur.
499 1436 532 1500 Si
554 1436 624 1518 quis
647 1455 667 1499 a
689 1455 764 1516 rege
786 1435 836 1499 vel
850 1435 1036 1518 praeposito
1051 1434 1190 1498 mittitur
1211 1432 1244 1497 in
1259 1432 1377 1497 vin-1⁰

203 1536 306 1601 culum
331 1541 465 1620 propter
485 1536 601 1602 delicta
628 1537 722 1615 vitae,
744 1544 777 1602 et
798 1536 934 1602 voluerit
955 1537 1072 1622 aliquis
1095 1537 1230 1602 educere
1251 1552 1324 1600 eum

204 1638 244 1702 de
266 1639 411 1718 vinculis,
440 1640 467 1703 si
490 1639 560 1703 fieri
582 1643 703 1720 potest,
731 1643 827 1721 tange
853 1640 961 1722 capita
989 1639 1119 1717 vinculi,
1150 1637 1325 1719 statimque

203 1746 403 1822 rumpentur,
433 1744 557 1805 etcum
581 1739 704 1804 solutus
728 1740 832 1818 luerit,
856 1742 926 1806 veni
948 1741 991 1806 ad
1013 1742 1152 1807 hostium
1175 1746 1208 1806 et
1229 1745 1325 1822 tange

204 1841 265 1906 hoo
287 1864 357 1907 cum
379 1841 498 1925 lapide,
522 1847 555 1907 et
576 1863 597 1906 a
618 1847 720 1907 semet
741 1843 810 1924 ipso
832 1842 969 1906 hostium
993 1843 1147 1925 aperitur,
1171 1847 1204 1908 et
1225 1840 1326 1906 vadat

202 1943 392 2026 ubicumque
407 1943 551 2022 voluerit,
575 1964 595 2008 a
617 1942 704 2008 nullo
725 1944 808 2007 enim
823 1944 1004 2027 aspicietur.
1041 1945 1100 2008 Est
1114 1949 1221 2009 autem
1238 1945 1324 2008 circa
1343 1951 1375 2002 15

203 2045 338 2127 gratiam
362 2049 394 2108 et
417 2045 590 2109 amicitiam
616 2044 847 2110 conciliandam
870 2045 1016 2127 optimus.

511 2281 630 2348 XXIII.
664 2281 785 2367 Lapis
813 2281 1016 2365 Gapnites.

292 2418 443 2501 Capnites
472 2418 556 2500 lapis
578 2417 691 2482 similis
720 2423 771 2483 est
792 2417 958 2501 crystallo,
988 2417 1046 2484 sed
1067 2417 1202 2482 multum
1225 2416 1325 2482 distat

203 2522 245 2586 ab
268 2542 318 2586 eo.
365 2519 569 2586 Portantibus
599 2525 704 2584 autem
734 2519 872 2601 optimus
897 2528 954 2585 est.
998 2520 1037 2584 In
1066 2519 1218 2602 obsequio
1248 2539 1326 2602 erga

204 2623 299 2688 deum
324 2628 357 2687 et
377 2623 519 2686 homines
547 2621 690 2702 cognitos
719 2620 806 2685 facit.
850 2620 1036 2684 Facundum
1057 2639 1132 2684 vero
1155 2627 1187 2684 et
1209 2619 1324 2687 formo-
1340 2628 1376 2681 2ο

207 2745 276 2790 sum
300 2723 376 2787 facit
398 2727 561 2804 gerentem
580 2744 624 2788 se.
660 2722 759 2787 Curat
780 2722 973 2807 hydropicos
995 2722 1230 2806 circumligatus
1253 2721 1325 2786 sini·

207 2832 274 2892 stro
290 2825 431 2890 brachio.
471 2824 565 2889 Utilis
588 2830 637 2890 est
659 2830 765 2891 autem
788 2826 831 2890 ad
853 2827 1038 2892 formidines
1060 2832 1093 2892 et
1113 2827 1216 2891 minas
1238 2845 1324 2891 emo·

206 2928 334 2993 vendas.
372 2928 454 2993 Nam
480 2928 533 3014 qui
548 2928 648 2993 habet
670 2950 751 3009 eum,
775 2931 862 3013 apud
885 2952 993 2996 omnes
1008 2934 1118 3013 gentos
1138 2926 1324 3011 ingratiam

204 3031 291 3096 venit
313 3036 347 3096 et
367 3031 470 3095 minas
493 3030 629 3113 mitigat.

282 3215 303 3267 1.
318 3216 338 3267 2
356 3229 374 3267 a
392 3230 466 3268 mare
484 3233 505 3282 e,
524 3214 596 3283 quod
613 3216 767 3270 dubitanter
784 3215 904 3270 defendit
922 3216 1014 3284 Ring.
1034 3246 1066 3257 -
1084 3218 1107 3268 4
1124 3212 1269 3281 Amigeron
1291 3210 1325 3277 03

202 3330 227 3340 -
255 3301 352 3368 oHioJ
371 3300 412 3352 vir
434 3299 467 3360 Gt
492 3299 619 3352 vincisset
639 3301 667 3365 0,
691 3301 786 3355 vicisse
806 3300 886 3355 coni.
904 3301 1005 3367 Ring.
1024 3316 1083 3354 oum
1101 3298 1247 3353 infinitivus
1264 3310 1324 3365 per·

202 3384 265 3437 fecti
282 3399 332 3452 pro
351 3382 482 3438 infinitivo
500 3383 649 3451 praesentis
667 3385 770 3451 positus
788 3386 815 3438 in
833 3385 925 3453 lingua
937 3384 1041 3453 vulgari
1058 3384 1271 3454 frequentissime
1282 3397 1324 3437 re·

201 3470 335 3537 periatur3
357 3499 387 3510 -
405 3481 497 3522 omnes
513 3467 627 3521 virtutes
643 3486 673 3536 1³3
693 3500 723 3510 -
747 3470 768 3521 8
788 3469 871 3538 apud]
887 3470 977 3523 malim
995 3470 1172 3537 adversus,
1195 3467 1235 3523 ad
1255 3466 1323 3523 ooni.

201 3552 279 3621 Ring.
300 3584 329 3595 -
348 3555 383 3605 10
402 3552 461 3620 quis
474 3565 555 3618 agero
567 3551 610 3605 vel
630 3552 663 3615 (ἴς
682 3553 801 3606 mictitnr
812 3572 838 3614 e;
858 3582 890 3594 -
914 3555 941 3607 11
959 3554 1058 3609 delicta
1070 3554 1142 3616 vitae
1160 3552 1260 3621 Ring.
1279 3551 1324 3608 do-

201 3637 307 3693 lendam
324 3639 407 3692 vitam
422 3656 449 3704 p,
467 3636 581 3689 delenda
599 3637 655 3691 vita
672 3656 699 3705 03
722 3637 822 3706 aliquid
843 3639 874 3705 (ἔς
892 3640 1019 3694 seducere
1037 3658 1064 3708 σς
1088 3669 1119 3685 —
1140 3641 1175 3694 1³
1194 3654 1276 3708 quum
1292 3656 1323 3707 p3

202 3721 295 3776 solitus
313 3740 339 3788 e;
357 3721 454 3775 ostium
469 3738 503 3787 p;
519 3750 553 3760 -
570 3720 606 3771 14
623 3722 720 3776 ostium
735 3739 768 3789 p3
785 3752 819 3762 -
836 3723 871 3775 17
884 3729 912 3776 et
923 3725 958 3776 18
972 3724 1098 3792 capnitea
1115 3738 1190 3791 ego,
1208 3722 1323 3792 daphni·

201 3812 247 3860 ten
264 3826 290 3872 e,
309 3806 455 3875 caphnites
468 3824 498 3873 p,
517 3806 674 3875 (tapnitis
691 3822 762 3860 nunc
773 3807 845 3874 apud
863 3807 979 3863 Plinium
994 3808 1083 3863 editur
1093 3809 1126 3863 N.
1138 3809 1170 3863 Η.
1183 3806 1323 3877 xxxvu,

200 3896 243 3960 to,
263 3897 325 3959 ¹513
345 3922 373 3930 -
393 3892 428 3943 18
446 3891 563 3947 cristallo
581 3912 607 3955 σς
632 3921 664 3932 -
694 3891 904 3946 201aoiendum
924 3893 959 3956 0;
978 3925 1009 3935 -
1034 3895 1068 3948 21
1085 3893 1227 3963 ydropiooe
1244 3911 1271 3963 ος
1288 3922 1323 3935 -

201 3978 243 4030 22
260 3977 384 4032 bracchio
402 3995 428 4044 ⁶3
453 3984 542 4032 autem
561 3993 616 4032 om.
634 3995 666 4045 p;
694 4008 726 4020 -
754 3978 803 4031 22,
822 3978 864 4030 23
881 3978 1060 4033 admovendos
1078 3998 1104 4042 ος
1126 4009 1162 4021 -
1191 3979 1233 4033 28
1250 3974 1321 4048 apri

200 4078 257 4116 om.
277 4081 302 4126 ος
320 4063 348 4116 ln
365 4063 456 4132 gracia
474 4081 500 4126 ος
522 4063 627 4131 mitiget
644 4082 664 4116 c.
1303 4094 1312 4131 ,
