2866 4620
130 901 352 1002 Δημητρίου
384 903 455 978 τοῦ
487 900 646 999 Μόσχου
681 900 876 987 ὑπόθεσις
905 901 966 987 είς
992 901 1038 979 τὸ
1070 901 1164 1001 περί

483 1053 604 1130 λίθων
631 1048 816 1153 Ὀρφέως.

173 1246 374 1331 θειοθοίραντι
398 1250 444 1334 τῷ
465 1247 609 1332 Πριάμου
633 1249 824 1337 συνήντησεν
845 1247 978 1334 Ὀρφεὺς
998 1250 1111 1334 ρετὰῙ)
1134 1251 1210 1314 ἑταί-

80 1379 150 1442 ρων
174 1361 264 1420 τινῶν
287 1359 365 1440 πρὸς
392 1356 503 1422 θυσίαν
525 1355 638 1439 Ἡλίου,
667 1361 705 1448 ἣν
727 1359 824 1423 ἐτέλει
847 1358 910 1423 κατ’
936 1357 1006 1436 ἔτος
1027 1360 1070 1434 είς
1101 1359 1210 1444 ὄρος’)

83 1467 307 1555 ἀνερχόμενος·
328 1470 376 1530 καὶ
391 1468 478 1554 αὐτῷ
494 1473 548 1555 τῆς
564 1464 814 1557 νενορισρένηςί)
832 1469 944 1558 ταύτης
959 1468 1082 1557 ἐτησίυυ
1099 1469 1210 1548 θυσίας

84 1579 138 1667 την
153 1577 249 1641 αἰτίαν
273 1579 446 1666 αφηγεῒται,
471 1578 570 1662 λέγων
593 1579 651 1643 ὑπὸ
678 1579 849 1664 θριίκυντος
871 1579 995 1660 αὑτὸνί)
1020 1581 1114 1644 παῖδα
1137 1581 1211 1647 ὄντα

84 1689 158 1753 ποτὲ
186 1687 389 1776 ἀναιρεθῆναι
420 1689 635 1753 κινδυνεύοντα
671 1693 858 1775 καταφυγεῖν
889 1691 933 1767 είς
966 1692 999 1754 τὸ
1029 1691 1094 1754 ἐκεῖ
1119 1693 1209 1775 πουό)

82 1798 212 1887 πλησίον
228 1799 313 1883 ἱερὸν
329 1802 382 1862 τοῦ
393 1795 500 1866 Ἡλίου.
524 1799 578 1884 ὑφ’
602 1798 638 1862 οὖ
655 1803 703 1863 καὶ
723 1799 868 1864 σωθέντα
892 1797 933 1876 ὡς
954 1802 972 1862 ὁ
995 1799 1093 1885 πατὴο
1110 1824 1210 1883 περιε·

82 1911 232 1997 ποιήσατο
256 1913 311 1996 τῆς
326 1911 381 1974 τοῦ
404 1908 514 1984 παιδὸς
530 1908 687 1994 σωτηρίας
702 1907 765 1971 κατ’
785 1907 854 1982 ἔτος
876 1907 952 1994 ἦγεν
968 1905 1058 1993 Ἡλίῳ
1076 1908 1208 1992 θύματα.

79 2021 293 2104 μεταστάντος
315 2019 351 2082 δὲ
374 2018 489 2082 ἐκείνου
513 2023 575 2082 τῶν
598 2016 745 2085 ἐντεῦθεν
769 2018 862 2094 αὐτὸς
883 2016 1049 2102 Ὀρφεύςθ)
1073 2019 1139 2082 ἀντὶ
1155 2022 1210 2084 τοῦ

81 2132 199 2215 πατρὸς
213 2135 268 2217 τῆς
285 2129 428 2216 τοιαύτης
442 2128 554 2203 θυσίας
570 2127 751 2192 καθίσταται
766 2127 922 2216 διάδοχος·
939 2130 976 2216 ἦν
992 2132 1045 2194 νῦν
1061 2130 1210 2214 ἀφοσιού-

77 2240 340 2324 μενοςιᾶνεισιῷ)
364 2240 622 2323 συμπαραλαβὼν
646 2241 694 2303 καὶ
716 2239 940 2323 θειοθάραντα.
965 2237 1057 2316 οὗτος
1078 2239 1114 2302 δὲ
1139 2237 1209 2302 καθ’

80 2351 155 2415 ὁδὸν
180 2353 226 2438 τῷ
250 2353 360 2439 ποιητῇ
384 2353 455 2436 περὶ
477 2349 643 2434 δυνάμεως
672 2372 705 2413 τε
728 2349 823 2412 λίθων
846 2353 894 2413 καί
911 2351 1062 2438 χρήσεως
1090 2349 1210 2433 διεξέρ-

74 2484 179 2549 χεται,
208 2460 317 2537 οἵτινες
344 2460 447 2524 αὐτῶν
470 2461 621 2548 γρησιρυι
644 2462 723 2542 πρὸς
747 2465 808 2523 τῶν
832 2458 973 2524 θυόντων
996 2459 1209 2541 κρατούμενοι,

79 2571 166 2645 ὅπως
189 2570 295 2647 αὐτοῖς
318 2571 354 2635 τὰ
378 2575 439 2634 τῶν
462 2568 564 2655 εὐχῶν
587 2568 756 2649 ἐξανύοιτο,
781 2572 829 2632 καί
851 2570 880 2632 οἳ
902 2574 981 2654 πρὸς
997 2573 1051 2645 τὰς
1066 2567 1210 2650 ίοβιίλους

81 2685 143 2742 τῶν
159 2680 316 2766 θηξεωνθ)
336 2677 519 2762 θεραπείας.
535 2679 612 2743 ὅθεν
628 2678 711 2762 οἶμαι
727 2681 776 2742 καὶ
792 2679 962 2761 Νίκανδρος
977 2681 994 2742 ὁ
1011 2679 1210 2765 Κολοφώνιος

80 2781 211 2874 ὕστερον
235 2787 389 2875 ὁρμηθεὶς
414 2789 596 2875 συνέγραψε
620 2790 657 2853 τὰ
680 2787 825 2877 θηριακοί.

171 2899 242 2962 Τοῦ
266 2899 429 2982 αὐτοῦ.9)
463 2898 580 2964 Ἰστέον
593 2899 638 2980 δέ,
656 2893 699 2974 ὡς
711 2901 767 2963 δύο
785 2901 851 2964 τινὰ
865 2899 1009 2984 προοίμια
1026 2904 1079 2964 τοῦ
1096 2901 1209 2986 παρόν-

146 3068 278 3123 Demetrii
300 3068 404 3124 Moschi
427 3068 585 3137 hypothesis
607 3068 705 3122 omissa
729 3072 770 3122 est
794 3068 822 3121 in
846 3067 901 3121 Pal.
937 3068 969 3121 In
992 3067 1207 3136 inscriptioneB

77 3156 140 3205 anto
158 3155 209 3203 τοῦ
229 3149 338 3222 Μόσχου
357 3151 432 3206 addit
444 3147 629 3219 Κερκυραίου;
647 3152 685 3210 είς
703 3166 754 3205 om.
773 3149 826 3216 M.;
844 3150 883 3210 είς
900 3153 930 3206 τὸ
948 3151 1013 3222 ἑξῆς
1035 3152 1137 3222 ποίημα
1152 3152 1208 3222 'Op-

77 3236 150 3303 φέως
168 3236 233 3303 περὶ
250 3235 334 3288 λίθων
353 3236 484 3295 ὑπόθεσις
502 3235 657 3305 Δημητρίου
676 3238 725 3287 τοῦ
744 3232 855 3305 Μόσχου
875 3234 934 3289 cdd.
1024 3240 1051 3300 1)
1070 3239 1125 3288 τῶν
1144 3244 1208 3291 ante

77 3319 195 3388 ἑταίρων
214 3318 292 3373 omisi
308 3334 368 3374 cum
386 3320 445 3374 BV.
555 3322 582 3388 2)
600 3321 666 3388 ὄρος
686 3320 716 3373 V.
815 3321 843 3386 3)
861 3323 909 3387 τῆς
927 3321 1081 3391 γενομένης
1098 3320 1207 3390 ἐτησίου

77 3406 179 3474 ταύτης
191 3405 288 3464 θυσίας
302 3405 334 3459 Β.
396 3407 424 3471 4)
442 3404 527 3457 αὑτόν
542 3404 604 3459 dadi
617 3421 651 3459 ex
665 3406 702 3471 B.,
714 3403 773 3458 rell.
786 3404 880 3456 αὐτόν.
940 3407 977 3470 ,5)
996 3403 1208 3459 noriHermanni

77 3487 160 3543 editio
174 3493 201 3541 et
213 3487 332 3542 Tauohn.
407 3491 434 3554 6)
452 3489 467 3540 ὁ
484 3489 595 3557 ποιητής
611 3503 660 3556 pro
676 3487 790 3556 Ὀρφεύς
809 3494 836 3540 et
854 3502 936 3555 supra
958 3487 1142 3552 θεισδάμαντί
1158 3508 1208 3542 τινι

77 3573 245 3643 συνήντησεν
270 3574 285 3625 υ
308 3573 421 3644 ποιητής
444 3572 525 3627 scribi
546 3572 660 3640 jubebat
683 3573 787 3642 Tyruh.
813 3572 860 3627 sed
882 3579 956 3626 recte
981 3573 1073 3628 Herm.
1098 3580 1206 3628 contra:

78 3658 132 3710 »At
148 3656 201 3711 hoc
219 3662 261 3712 cst
277 3663 394 3712 montem
413 3657 561 3724 scriptoris,
585 3673 638 3712 ron
656 3657 739 3712 verba
757 3656 916 3732 corrigerer
1012 3660 1038 3725 7)
1057 3655 1159 3709 ἄνεισιν
1178 3657 1207 3711 P.

77 3745 104 3808 8)
123 3740 236 3801 δείξεων
256 3743 289 3796 V.
373 3745 401 3811 9)
420 3745 469 3796 τοῦ
487 3743 574 3794 αὐτοῦ
592 3757 643 3796 om.
662 3743 692 3796 M
710 3742 738 3796 ir
756 3743 844 3812 spatio
862 3757 956 3810 vacuo,
975 3748 1003 3796 et
1023 3742 1102 3797 Geso.
1115 3743 1206 3797 Herm.

77 3825 198 3879 Tauchn.
214 3826 260 3892 qui
274 3827 414 3893 sequentia
432 3827 513 3880 etiam
529 3827 751 3881 antecedentibus
762 3828 966 3882 coniunxerunt.
987 3857 1017 3868 -
1040 3827 1130 3881 »Male
1140 3827 1207 3882 haec

77 3909 240 3964 aDametrio
253 3909 337 3964 divisa
349 3918 418 3968 sunt.
444 3912 559 3967 Unicum
572 3918 615 3966 est
625 3911 705 3968 huius
718 3912 807 3980 operis
816 3912 991 3979 prooemium,
1004 3911 1076 3980 quod
1086 3912 1207 3966 versibus

76 3994 172 4063 primis
190 3994 297 4048 circiter
313 3999 348 4049 92
365 3995 520 4050 absolvitur.
548 3995 715 4064 Colloquium
733 3997 804 4050 inter
820 4001 957 4050 auctorem
978 4002 1005 4050 et
1023 3995 1206 4051 Theodaman-

76 4084 191 4134 tameat
209 4078 296 4148 ipsum
314 4094 396 4149 opus3
420 4080 448 4134 in
470 4096 523 4148 quo
548 4081 650 4150 primus
674 4081 781 4150 quidem
804 4081 923 4150 loquitur
940 4085 1055 4150 Auctor,
1079 4097 1137 4136 av.
1159 4084 1207 4135 164
