2866 4620
637 329 850 392 -140-

193 519 256 590 τοῖς
278 517 398 580 ἑαυτῶν
416 517 584 602 γεννήμασι
607 517 678 589 τοὺς
695 515 850 600 μασδοός.
873 514 998 598 λέγουσι
1014 516 1058 594 δέ,
1074 517 1120 580 ότι
1135 519 1184 580 καί
1199 518 1319 599 γυναιξί

193 627 228 691 τὸ
251 626 325 690 αὐτὸ
349 623 478 692 δύναται
500 630 594 690 ποιεῖν
617 629 695 712 πρὸς
709 627 1179 713 γαλακτοτμοφίαν,τριβόμενος
1202 628 1250 689 καί
1273 651 1319 690 πι-

194 737 339 822 νόμενος·
370 733 516 800 ἀλλὰκαὶ
547 738 760 824 περιαυγένιος
791 740 853 813 τοῖς
881 738 1004 823 νηπίοις,
1022 738 1324 822 καταδεσμοόμενος-

195 846 352 933 ἀπείργει,
376 847 468 935 φασί,
492 847 592 910 πάντα
615 847 753 932 φδόνον,
777 850 824 911 καὶ
846 848 960 911 ἄνοσον
986 829 1037 918 καὶ
1057 847 1320 931 ἀνεπιβούλευτον

159 981 175 1030 5
195 954 395 1042 διαφυλάττει
417 960 450 1021 τι)
467 959 587 1044 νηπίου·
610 960 659 1021 καί
673 960 719 1021 ότι
742 960 793 1021 τὸν
815 963 921 1023 τοῦτον
937 958 1099 1044 φοροῦντα
1114 961 1164 1023 καί
1176 959 1320 1044 βασιλεῖς

196 1067 352 1130 αἰδοῦνται
375 1071 424 1132 καί
446 1067 538 1155 δῆμον
560 1071 610 1132 καλ
632 1050 771 1132 δικασταί
793 1071 841 1131 καί
863 1069 1022 1157 ἄρχοντες,
1049 1072 1097 1134 καὶ
1113 1070 1218 1144 ἁπλῶς
1240 1071 1320 1159 ἡδὺς

196 1183 258 1255 τοῖς
281 1183 356 1243 πᾶσι
379 1180 472 1257 δοκεῖ,
498 1181 552 1243 κάν
576 1178 733 1261 ἀλλότριοι
756 1180 803 1241 καί
826 1177 942 1243 ε’δνικολ
965 1179 1164 1266 τυγχάνωσιν.
1195 1179 1261 1244 ἔστι
1284 1181 1320 1244 δὲ

196 1291 249 1377 τὴν
266 1286 381 1376 χροιὰν
404 1287 566 1375 ἔντεφρος,
590 1289 721 1373 ἁρμόζει
743 1289 778 1352 δὲ
801 1289 949 1374 καὶπρὸς
977 1288 1152 1373 ὀφθαλμῶν
1176 1291 1248 1377 ἕλκη
1272 1293 1321 1354 καί

193 1402 339 1485 ῥεόματα
363 1399 550 1484 τριβόμενος
572 1402 620 1463 καί
639 1395 721 1483 μετὰ
747 1390 860 1472 ἶν’δατος
883 1397 1099 1485 ἀλειφόμενος.

147 1531 179 1581 10
271 1493 397 1583 Λίδος
419 1509 635 1583 εὐπέταλος
658 1512 675 1571 ό
699 1512 746 1573 καί
769 1509 995 1598 δενδραγοίτης.
1013 1506 1194 1595 ὠνόμασται
1210 1511 1246 1575 δὲ
1269 1511 1320 1575 οδ-

197 1642 267 1698 τως,
291 1621 337 1682 ότι
360 1619 645 1704 καδάπερίπέταλα
668 1620 809 1702 δένδρων
832 1618 866 1682 έν
890 1620 977 1705 αὐτῷ
1002 1620 1215 1705 διαφαίνονται
1241 1618 1323 1706 μετὰ

197 1730 320 1794 κλοίδιυν
345 1730 589 1818 σονεγεστέρων.
614 1729 706 1806 οὗτος
728 1731 764 1794 δὲ
786 1737 849 1807 τοῖς
871 1729 981 1814 κέρασι
997 1737 1058 1794 τῶν
1084 1733 1173 1812 βοῶν
1200 1731 1321 1815 περιδε·

198 1842 372 1927 σμοόμενος
387 1841 421 1906 έν
438 1846 484 1928 τῷ
506 1846 606 1928 καιρῷ
629 1845 682 1906 τοῦ
700 1842 820 1928 σπόρου
843 1842 862 1928 ἢ
885 1843 934 1904 καί
955 1840 990 1906 ἐν
1015 1845 1061 1928 τῷ
1075 1840 1153 1927 ὤμῳ
1171 1845 1224 1905 τοῦ
1249 1865 1322 1905 σπο-

197 1953 285 2039 ρέως
307 1954 457 2039 εὐφορίαν
481 1951 619 2042 παρέχει.

265 2093 279 2142 1
300 2088 469 2157 μαστοόςΒ;
487 2091 529 2142 ότι
547 2106 597 2144 om.
611 2089 643 2142 V.
670 2121 698 2130 -
726 2090 895 2142 2δόνασδαι
913 2089 945 2142 V.
972 2119 1001 2129 -
1032 2088 1131 2156 3περλ
1149 2087 1274 2158 αδχένιος
1290 2085 1324 2149 V,

198 2175 262 2242 περὶ
280 2174 405 2245 αὐχένιον
424 2175 461 2236 Β,·
479 2174 507 2224 ἐν
527 2179 590 2226 ante
608 2176 667 2232 τοῖς
684 2172 744 2226 add.
762 2174 794 2226 V.
812 2205 847 2214 -
869 2175 891 2224 4
909 2172 1048 2241 ἀπείργειν
1066 2171 1152 2237 (μᾶλλ,
1175 2171 1249 2239 quod
1267 2186 1323 2224 cor·

197 2261 269 2327 rexi3
295 2259 380 2311 όίνωσι
397 2275 446 2326 pro
465 2255 566 2309 ἀνοσον
586 2257 617 2310 V.
645 2290 676 2298 —
710 2259 795 2320 ὄτδν
820 2263 899 2311 τοῦτο
918 2259 957 2324 V;
983 2258 1026 2310 κοιλ
1048 2264 1110 2310 ante
1127 2257 1253 2322 βασιλεῖς
1274 2272 1323 2312 om.

198 2342 230 2396 V.
266 2375 301 2383 —
333 2345 351 2395 7
377 2344 582 2411 ἀλλότριοικαὶ
606 2344 713 2406 omB3
741 2344 858 2412 τύχωσιν
879 2345 910 2396 Β.
943 2374 976 2383 -
1009 2341 1182 2409 8ἔντεφρσν
1201 2343 1241 2409 V3
1264 2326 1331 2410 posi⁸

200 2427 336 2497 ἔντεφρος
356 2429 416 2482 add.
435 2430 458 2481 B
480 2429 540 2499 ἢτοι
567 2430 728 2496 στακτίζων,
752 2428 785 2482 de
809 2444 863 2496 qua
886 2428 1092 2495 interpolatione
1113 2426 1176 2480 audi
1194 2426 1325 2495 Tyrwhii-

198 2520 267 2582 tum,
292 2514 338 2582 qui
365 2513 516 2568 Galactitae
539 2515 745 2581 descriptionem
773 2514 806 2567 ab
828 2514 905 2572 λίθος
929 2514 1050 2583 γαγάτης
1075 2527 1160 2580 usque
1184 2513 1219 2567 ad
1246 2513 1323 2565 θεῶν

199 2599 282 2652 αὐτὸν
306 2600 443 2669 ἐφόρουν,
470 2607 498 2653 et
523 2606 587 2653 tuno
613 2599 707 2652 mediis
729 2600 832 2653 omissis
850 2599 883 2652 ab
908 2597 966 2651 ἔστι
989 2599 1019 2650 δὲ
1043 2600 1092 2668 τὴν
1112 2598 1215 2668 χροιάν
1241 2612 1325 2666 usque

198 2685 234 2737 ad
253 2684 349 2744 όδατος
369 2685 549 2752 ἀλειφόμενος
573 2685 667 2738 edidit:
695 2684 799 2737 »Verba
822 2682 884 2752 ἤτοι
906 2683 1055 2742 στακτίζων
1077 2683 1241 2751 interpolata
1264 2688 1326 2738 sunt

200 2769 233 2822 ab
256 2771 439 2835 epitomatoro.
462 2771 564 2839 στοκτή
583 2769 685 2823 scilicet
705 2776 748 2823 est
767 2786 820 2823 vox
837 2770 941 2823 Graeco
960 2769 1089 2830 Barbara,
1111 2769 1232 2822 cinerem,
1246 2767 1325 2836 signi·

199 2853 289 2910 ficano.
309 2857 339 2907 Vi
355 2855 483 2922 Gangium
507 2856 535 2907 in
553 2872 593 2910 να
629 2855 744 2908 Meliora
762 2855 859 2909 docent
876 2854 969 2907 lexioa.
989 2854 1131 2906 Caeterum
1149 2852 1202 2907 iam
1221 2852 1325 2921 Tyrwh.

199 2941 278 3008 vidit,
301 2941 369 2994 haeo
390 2936 539 3008 postrema,
562 2941 625 2993 inde
648 2939 681 2993 ab
705 2939 762 2992 ἔστι
784 2941 815 2992 δὲ
837 2941 885 3009 τὴν
906 2939 1004 3010 χροιὰν
1027 2939 1191 3006 interpolata
1215 2953 1274 2991 esee
1292 2951 1325 2991 ex

198 3025 369 3090 Dioscorida,
393 3027 439 3093 qui
462 3025 495 3079 de
516 3025 644 3093 galactite
667 3026 735 3079 haec
757 3025 840 3078 habet
864 3024 941 3091 (περὶ
958 3023 1021 3095 όλης
1039 3025 1163 3092 ἰατρικῆς
1181 3021 1212 3076 V.
1231 3039 1259 3090 p.
1276 3024 1327 3076 814

200 3111 241 3171 ed.
264 3111 371 3179 Kohn):
398 3112 414 3162 ό
437 3111 468 3162 δὲ
489 3110 649 3179 γαλακτίτης
672 3110 831 3172 ὠνόμασται
855 3109 907 3160 ἀπὸ
934 3111 985 3160 τοῦ
1011 3108 1186 3175 γαλακτῶδες
1209 3109 1325 3160 ἀνιέναι·
1373 3114 1378 3128 ’

200 3198 273 3252 ἔστι
291 3201 411 3262 μέντοι
429 3194 535 3255 ἄλλως
548 3195 719 3264 ἔντεφρος
735 3198 795 3265 τὴν
808 3196 949 3266 χροιάν,
966 3187 1325 3262 γλυκόςπρδςτὴνγεῶσιν·

168 3311 170 3316 ·
200 3285 343 3354 ἁρμόζει
361 3284 400 3338 ,δὲ
422 3282 509 3350 πρὸς
527 3282 713 3349 ὀφδαλμῶν
731 3282 887 3351 ρεόματα
909 3280 963 3332 καὶ
986 3279 1063 3348 ἕλκη
1082 3279 1328 3348 ἐγχριόμενσς·.

201 3368 303 3419 δεῖδὲ
315 3368 504 3435 τρέψαντος
517 3367 620 3418 αὐτὸν
636 3365 750 3429 arare,
767 3367 950 3418 ἀποτίδεσδαι
965 3366 994 3417 ἐν
1009 3366 1096 3423 πυξίδι
1106 3364 1268 3432 μολυβδίνῃ,
1285 3360 1327 3413 διὰ

201 3453 234 3506 τὸ
247 3453 312 3523 περὶ
324 3453 407 3520 αὐτὸν
420 3451 561 3510 κολλῶδες.
575 3482 607 3491 -
624 3453 659 3504 10
672 3467 741 3519 quae
753 3450 805 3504 hoc
817 3451 875 3504 loco
888 3450 921 3503 de
934 3450 1059 3518 eupetalo
1072 3437 1206 3517 legantur,
1219 3446 1282 3502 dedi
1294 3459 1327 3498 ex

200 3543 233 3605 B,
244 3556 305 3595 oum
317 3540 343 3592 V
354 3538 478 3591 inanibus
495 3538 573 3604 nugis
585 3537 701 3591 refertus
713 3537 756 3599 sit,
774 3537 857 3590 habet
870 3538 940 3590 enirn
949 3543 1011 3605 post
1023 3535 1234 3605 συνεχεστέρων
1246 3532 1325 3585 haee:

201 3625 306 3679 ἔσωδεν
325 3625 464 3690 διαφανεῖς
482 3623 624 3690 (excidisse
635 3623 743 3676 videtur
753 3623 797 3676 hic
809 3623 921 3690 aliquid)
939 3622 995 3694 ἔχει
1007 3623 1036 3673 ἐν
1052 3622 1154 3673 ἑαυτῶ.
1173 3618 1231 3689 ἔχει
1241 3616 1274 3669 δὲ
1285 3613 1326 3668 καὶ

203 3709 303 3769 ἔξοδεν
314 3711 400 3777 μέρος
418 3727 443 3760 τι
459 3707 567 3771 μέλιτος
581 3708 745 3778 χρῶμακαὶ
763 3707 862 3777 ἕτερον
881 3697 967 3774 καροῦ
990 3705 1072 3779 εἶδος,
1090 3703 1194 3756 ἔσωδεν
1213 3703 1245 3755 δὲ
1265 3699 1327 3755 ὑπό·

201 3797 284 3850 λευκα
308 3794 511 3862 διαφανέστατα
535 3793 689 3859 δενδρόφια,
714 3793 829 3859 ἁρμόζει
848 3791 877 3842 δὲ
898 3794 956 3850 τοῖς
976 3791 1146 3852 οἰκονομοῦσι
1163 3788 1325 3854 πράγματα·

201 3881 317 3935 πιθανὸν
335 3880 388 3950 γὰρ
407 3880 451 3932 καὶ
468 3877 589 3946 εὔπορον
608 3878 657 3930 τδν
677 3879 857 3952 ἐγχειροῦντα
874 3878 953 3928 ποιεῖ.
976 3874 1143 3939 συνβάλεται
1161 3871 1192 3923 δὲ
1209 3871 1253 3922 καί
1271 3871 1328 3927 τοῖς

202 3969 231 4019 ἐν
250 3969 327 4035 ἀγρῶ
346 3968 489 4035 σπείρουσι
507 3965 688 4031 περιτιόεῖσιν
706 3962 791 4015 αὐτὸν
810 3963 848 4021 είς
866 3962 915 4029 τὴν
932 3963 1046 4031 χεῖρον,
1066 3961 1084 4029 ἢ
1102 3959 1142 4017 εἰς
1159 3957 1209 4009 τδν
1224 3957 1327 4026 τράχη-

202 4055 247 4106 λον
265 4055 363 4105 τοῦτον
379 4051 435 4122 ἔχω
447 4051 569 4119 σπορεδς
580 4049 783 4102 πολυπλασίονα
794 4047 955 4116 γεωργήσει.
976 4046 1023 4120 μιαί
1032 4044 1132 4123 ις’λπλῶς
1147 4043 1233 4095 εἰπεῖν
1243 4038 1326 4109 μεγά-

203 4141 252 4199 λας
268 4139 402 4206 ἀφελείας
419 4136 476 4207 ἔχει
495 4139 509 4189 ὁ
528 4137 608 4196 λίβος,
628 4135 667 4188 ἔτι
683 4135 736 4204 μὴν
755 4134 799 4187 καί
818 4134 950 4200 εὐπορίαν
966 4131 1061 4184 δίδωσι
1073 4133 1111 4181 τῶ
1124 4125 1263 4196 φοροῦντι.
1278 4123 1327 4196 χά·
