2866 4620
586 331 817 394 -145-

130 516 236 601 ἄκρως
258 515 381 599 ἐνεργεῖ
399 517 447 580 καί
470 521 532 592 τοῖς
559 517 773 603 δημηγοροῦσι
800 520 848 582 καί
877 523 939 594 τοῖς
966 521 1018 584 διὰ
1045 521 1146 603 λόγων
1175 524 1256 607 ἀγα·

131 630 259 703 νισταῖς·
294 628 392 690 πειθὼ
422 628 483 712 γὰρ
511 633 591 691 ποιεῖ
612 631 660 691 καί
682 629 866 712 εὐπρέπειαν
890 632 939 694 καί
968 633 1070 714 λόγων
1099 635 1256 717 εύρετικύς

129 738 202 801 ἐστι.
227 738 309 824 νίκην
330 739 367 801 δὲ
388 740 436 801 καί
458 738 586 822 δύναμιν
609 745 684 803 πᾶσι
707 740 851 804 δίδωσιν·
875 742 951 804 ἀλλὰ
974 744 1022 806 καὶ
1046 745 1082 807 τὰ
1108 745 1166 807 ὑπὸ
1191 750 1254 809 τῶν

126 850 238 931 μα’γων
261 847 405 931 γινύμενα
427 848 552 914 εύθετεῖ
574 853 683 927 καλῶς.

93 978 110 1029 5
215 957 330 1032 Λίθος
359 961 378 1046 η
406 960 565 1048 ἀφιῆτις.
596 962 674 1050 αῦτη
703 964 889 1052 τριβομένη,
920 966 1028 1051 φασίν,
1058 970 1106 1031 καί
1128 968 1256 1032 ἐπιπασ-

128 1069 244 1156 σομένη
268 1074 357 1132 πᾶσιν
380 1069 481 1134 ἐλκεσί
501 1095 535 1134 τε
558 1075 605 1136 καὶ
628 1074 799 1157 τραύμασιν
822 1075 926 1156 ὑγείας
949 1081 1167 1166 περιποιητικη.

206 1171 362 1263 Ἕτερος
384 1179 489 1256 λίθος
516 1184 662 1271 ἀφίτης.
691 1185 801 1270 ἕτερος
828 1185 921 1261 ούτυς
943 1188 1004 1251 ἀπὸ
1028 1193 1080 1252 τοῦ
1109 1191 1256 1276 ἀντιφάρ-

125 1316 225 1377 μακον
248 1290 324 1355 εἶναι
346 1295 407 1354 τιῦν
422 1291 530 1378 δφειυν
546 1296 604 1358 ὑπὸ
623 1302 685 1360 τιῦν
707 1301 845 1362 παλαιῶν
863 1299 1041 1380 ὠνόμασται
1064 1302 1113 1364 καί
1134 1300 1253 1386 ὀφθαλ-

125 1413 197 1492 μοῖς
235 1409 272 1472 δέ
308 1410 550 1493 ἀμβλυώπυῦσιν
589 1409 745 1481 ἀξυιυπίαν
789 1409 917 1497 παρέχει
963 1412 1011 1473 καὶ
1048 1413 1253 1497 κεφαλαλγῖαν

78 1542 111 1591 10
129 1520 219 1583 παύει
247 1522 296 1583 καί
321 1519 514 1607 βαρυηκοῖαν
547 1520 688 1604 καθαίρει
723 1520 824 1594 οὕτως
853 1523 937 1586 ὥστε
968 1524 1016 1586 καὶ
1048 1524 1161 1610 λεπτης
1191 1526 1255 1608 ὁμι-

127 1631 192 1705 λίας
221 1633 274 1695 τὸν
303 1635 462 1717 φοροῦντα
492 1634 599 1694 τοῦτον
628 1633 733 1695 λοιπὸν
766 1633 888 1697 ἀκούειν
916 1633 1077 1699 δύνασθαι.
1109 1636 1189 1720 φασί
1218 1635 1254 1698 δέ

127 1743 250 1807 καὶτὸν
273 1742 412 1832 ἀκίνητον
441 1743 519 1828 πρὸς
550 1743 719 1830 ἀφροδίσια
747 1744 795 1806 καί
821 1743 937 1832 ηλίθιον
961 1744 1019 1808 ὑπὸ
1043 1745 1152 1810 τούτου
1176 1747 1255 1832 πρὸς

128 1857 239 1946 κίνησιν
262 1860 310 1921 καί
326 1856 488 1940 ἐπιθυμίαν
505 1855 663 1921 ἕλκεσθαι·
687 1858 734 1921 καὶ
751 1854 947 1941 θυμιώμενον
963 1857 999 1921 δέ
1020 1859 1137 1942 ἑρπετὰ
1156 1858 1255 1920 πάντα

127 1967 309 2045 διώκειν,ού
325 1969 362 2032 τὰ
382 1967 507 2054 πλησίον
520 1967 627 2050 μόνον,
645 1968 785 2031 ἀλλὰκαὶ
802 1969 837 2031 τὰ
854 1968 1021 2053 πύρριοθεν
1045 1968 1080 2030 ἐκ
1101 1972 1162 2031 τῶν
1182 1990 1249 2051 φω-

77 2110 109 2160 15
127 2081 208 2144 λεών
230 2079 342 2144 αύτών.

213 2189 259 2255 ἀί
264 2189 334 2268 θος
355 2191 470 2278 ἀστρί
476 2214 547 2278 της
569 2193 758 2276 καλούμενος
782 2192 967 2278 τριβόμενος
982 2193 1030 2255 καὶ
1046 2193 1102 2256 σῦν
1117 2191 1192 2277 οἴνῳ
1209 2215 1253 2255 τι·

129 2302 257 2384 νύμενας
280 2303 478 2390 δδυνηφατος
493 2303 591 2392 ἤγουν
608 2308 720 2377 παντὸς
736 2305 913 2391 ἀλγήματος
928 2303 1114 2368 καταπαύων
1129 2303 1253 2378 ὀδύνας.

213 2411 339 2498 ’ἀδελφὴ
363 2412 481 2486 τούτοις
503 2415 591 2501 καὶὴ
616 2414 752 2502 ἐχῖτις,
781 2414 842 2476 ἀπὸ
872 2419 926 2500 τῆς
955 2414 1077 2501 ἐχίδνης
1105 2415 1255 2496 ἀναγκαζο-

125 2523 215 2611 μένη,
238 2526 304 2612 ἥτις
327 2525 375 2586 καί
397 2527 451 2586 τοῦ
473 2526 615 2603 παλαιοῦ,
639 2524 726 2610 φασί,
754 2523 938 2609 Φιλοκτήταο
956 2528 988 2586 τὸ
1012 2523 1119 2597 σκέλος
1141 2525 1253 2586 λα’σατο

76 2663 112 2714 20
130 2635 206 2696 κατὰ
228 2637 281 2695 τοῦ
305 2633 337 2694 ἐν
360 2634 446 2719 αύτῷ
469 2635 646 2718 τραύματος
674 2638 727 2696 τοῦ
752 2635 919 2707 πολυετοῦς
949 2634 998 2696 καλ
1027 2634 1152 2696 ἀνιάτου
1184 2657 1253 2696 συν·

129 2743 295 2831 εχέστερον
318 2743 560 2831 ἐπιπασσομένη.

213 2854 328 2927 Δίθος
343 2855 360 2916 δ
376 2855 506 2941 σιδηρί
511 2877 584 2941 της,
600 2855 635 2917 δν
652 2858 700 2918 καὶ
715 2855 853 2945 ἔμψυχόν
867 2877 945 2929 τινες
961 2855 1083 2942 ἀρείτην
1102 2857 1253 2920 καλοῦσιν.

129 2964 307 3048 ἀινύμασται
329 2965 435 3027 δὲκαὶ
457 2963 549 3041 οὗτος
571 2967 632 3028 ἀπὸ
656 2971 710 3053 τῆς
737 2966 883 3051 φύσεως,
914 2967 991 3030 ἀλλὰ
1019 2969 1067 3030 καὶ
1098 2972 1151 3053 τῆς
1180 2967 1255 3029 κατὰ

129 3077 181 3138 τὸν
205 3076 297 3139 τύπον
320 3075 488 3160 εὑρέσεως.
513 3077 685 3160 εὑρίσκεται
710 3078 767 3160 μὲν
796 3078 855 3161 γάρ
886 3077 918 3140 ἐν
950 3080 1011 3151 τοῖς
1038 3075 1159 3161 ὄρεσιν·
1190 3076 1255 3139 ἐστὶ

211 3226 285 3278 6-6
305 3241 355 3279 om.
373 3227 404 3280 Β.
425 3259 453 3266 -
475 3228 493 3277 6
516 3229 654 3295 ὁδφιῆτις
667 3231 696 3279 V.
717 3259 747 3267 -
770 3230 857 3280 7-16
876 3230 904 3282 in
922 3229 944 3281 Β
962 3230 1062 3282 rectius
1077 3235 1140 3295 pest
1158 3228 1254 3281 descri-
1315 3211 1318 3217 ’

127 3314 247 3383 ptionem
265 3312 361 3381 lapidis
374 3313 501 3366 sideritae
517 3314 651 3380 leguntur,
671 3328 749 3380 quem
769 3313 857 3367 locum
876 3315 903 3366 in
921 3313 1034 3367 Lithicis
1053 3329 1158 3381 quoque
1176 3329 1253 3367 eccu-

127 3404 177 3467 pat
198 3398 266 3451 alius
288 3397 333 3450 ille
356 3399 471 3466 ophites.
497 3429 526 3437 -
558 3399 577 3450 7
597 3398 671 3457 λίθος
692 3400 786 3466 ὸφίτης
808 3397 906 3468 ἔτερος
924 3400 961 3467 Β;
984 3401 1036 3451 ἀπὸ
1054 3403 1112 3451 τῶν
1131 3400 1167 3466 Β,
1185 3416 1253 3455 corr.

127 3482 231 3551 Tyrwh.
251 3483 296 3550 qui
314 3488 397 3536 totam
419 3483 498 3536 huius
519 3483 615 3549 lapidis
634 3484 841 3550 descriptionem
863 3500 897 3537 ex
917 3486 940 3537 B
959 3484 1042 3537 edidit
1068 3516 1101 3524 —
1125 3487 1151 3537 7.
1170 3486 1191 3536 8
1211 3486 1256 3536 ἀν·

127 3569 308 3638 τιφαρμάκιυν
334 3570 363 3638 Β,
389 3586 457 3624 corr.
482 3571 586 3637 Tyrwh.
614 3601 647 3609 —
673 3571 708 3621 10
730 3568 896 3638 βαρυηκυίαν
918 3571 1024 3638 scripsi,
1049 3572 1199 3640 βαρυκοίαν
1221 3571 1254 3633 V,

126 3655 279 3723 μυρμηκίαν
292 3654 314 3706 Β
328 3670 362 3707 ex
375 3670 448 3707 mera
460 3654 680 3720 interpolatione3
700 3655 780 3712 νύτος
792 3654 821 3707 B.
841 3684 870 3693 —
892 3655 926 3705 13
945 3657 1053 3724 κύνησιν
1072 3657 1108 3717 Β;
1126 3655 1254 3707 ἕλκεσθαι

128 3739 156 3806 O,
175 3738 310 3810 ἔρχεσθαι
328 3740 396 3802 BV;
416 3742 459 3791 καί
481 3740 652 3804 θυμιώμενον
673 3740 702 3790 δὲ
720 3757 771 3792 ont.
789 3741 821 3792 V.
893 3741 928 3791 14
946 3740 1092 3792 οῦκατάπλ,
1111 3741 1141 3793 B.
1162 3771 1193 3780 -
1213 3757 1254 3795 W.

126 3825 232 3877 16-21
249 3842 300 3880 om.
319 3826 350 3878 Β.
372 3858 398 3865 -
425 3827 459 3877 16
478 3827 608 3894 ύστρίτης
624 3826 656 3878 V.
678 3857 706 3864 -
733 3827 768 3878 17
786 3827 952 3894 ὁδενήφατυς
971 3824 1002 3879 V.
1027 3857 1049 3864 -
1075 3827 1110 3876 18
1128 3826 1208 3894 ἐχίτις
1222 3826 1254 3878 V.

128 3941 160 3951 -
179 3913 219 3964 22
236 3913 271 3975 ἐμ
323 3931 373 3983 την
392 3911 414 3964 Β
432 3913 533 3965 extrita
557 3912 663 3975 charta3
691 3911 810 3981 ἔμψυχον
836 3911 946 3978 ἀρείτην
971 3909 1038 3963 coni.
1064 3909 1183 3976 Tyrwh.‚
1208 3911 1254 3976 qtti

127 3995 254 4051 sideritee
271 3998 476 4066 descriptionem
496 4006 580 4050 totam
599 3997 689 4063 edidit,
708 3997 812 4049 omissis
830 4001 934 4048 tantum
952 4011 978 4061 p.
1000 3997 1047 4047 146
1064 4011 1105 4046 vv.
1122 3999 1139 4049 3
1157 3995 1254 4047 τοσαύ-

127 4100 176 4151 την
195 4114 224 4123 -
243 4085 394 4147 8δύναμιν.
407 4115 440 4124 -
459 4085 500 4136 23
514 4084 544 4134 δὲ
558 4100 608 4136 0m.
622 4082 652 4135 Β.
665 4114 698 4123 -
716 4084 759 4135 24
770 4083 819 4146 μέν
874 4082 967 4152 ὄρεσιν
981 4082 1085 4135 extritis
1098 4081 1201 4150 aliquot
1213 4083 1254 4134 lit·

126 4168 192 4221 teris
211 4169 242 4231 B,
260 4170 331 4224 unde
349 4170 398 4233 μὲν
417 4171 445 4220 ἐν
466 4173 522 4228 τοῖς
541 4168 635 4238 ὄρεσιν
655 4169 722 4222 coni.
741 4170 845 4237 Tyrwh.

177 4257 262 4305 Abel,
275 4258 357 4309 Orphei
371 4257 463 4300 Lithica.
1020 4241 1052 4290 10
