2866 4620
649 322 884 386 -190..

206 531 279 575 enm
301 509 448 574 adducit
484 508 928 572 Omninoautemanetom
948 507 1129 588 gratiosum
1150 506 1236 572 fneit
1257 530 1342 574 sun·

207 634 268 696 per
287 619 322 678 et
343 613 483 695 peritum
504 618 539 675 et
559 607 731 673 facundum
752 607 964 673 &effioeoem
984 608 1343 690 etirnpdntoremet

208 714 453 797 persuadentem
475 712 622 778 omnibus
643 711 825 776 bominibus
845 717 880 774 et
900 709 962 774 deo
982 710 1197 792 plmbilem,
1226 720 1264 778 et
1289 735 1341 779 sn·

207 815 328 881 crificia
349 836 435 897 quae
456 815 542 878 fiunt
562 813 624 878 deo
644 820 789 895 gestatus
814 811 1009 876 excellenter
1035 819 1118 896 apta
1144 821 1238 878 sunt:
1265 837 1339 897 pro

210 918 306 998 pitiat
326 917 412 980 enim
434 915 554 979 viribus
575 916 642 978 suis
668 914 730 978 deo
758 922 792 978 et
817 914 1045 978 benevolenter
1070 915 1226 981 omnibus
1247 918 1370 983 facit5

211 1016 357 1098 Amplius
383 1019 482 1081 etiam
509 1016 663 1080 adremon
687 1016 840 1079 invidiam
868 1022 903 1081 et
927 1016 1084 1080 barinum
1108 1019 1252 1098 resistit3
1282 1021 1339 1103 qni

209 1139 281 1183 enm
308 1127 435 1200 portet,
463 1139 635 1202 numquam
661 1118 882 1182 faseimbitur.
925 1118 991 1182 Sed
1017 1119 1198 1185 infantibus
1226 1124 1337 1205 pueris

210 1228 307 1303 aptus
328 1222 487 1302 oougruit,
518 1228 553 1284 et
579 1241 641 1284 non
670 1221 830 1302 permittit
859 1240 916 1284 eos
941 1221 1113 1298 munerari,
1141 1223 1172 1285 si
1200 1225 1335 1305 quando

209 1322 438 1387 intimidererit
459 1344 514 1388 eos
535 1321 668 1387 horride
689 1321 812 1385 mulier.
856 1319 942 1384 Nam
972 1321 1057 1384 sieut
1081 1343 1148 1386 non
1171 1325 1264 1389 aliud
1284 1332 1333 1390 tu·

207 1432 387 1490 tamentum
410 1427 541 1490 resistit.
586 1425 676 1488 Idem
699 1423 846 1488 dolorem
873 1423 992 1487 liberat
1016 1422 1161 1488 dentium
1182 1425 1333 1492 laboran-
1352 1424 1386 1473 ¹⁰

208 1527 288 1590 tium
309 1527 557 1610 circumligatus.
601 1524 774 1588 Praeterea
793 1524 901 1589 laetos
928 1531 962 1588 et
982 1523 1107 1589 validos
1136 1547 1194 1590 eos
1216 1529 1334 1593 oonst'r

207 1629 278 1694 tuis
323 1629 416 1708 Quod
437 1629 466 1693 si
487 1627 613 1692 mulieri
635 1625 809 1690 difficulter
828 1626 968 1707 parienti
989 1626 1062 1690 aeia
1081 1626 1172 1690 faeta
1193 1627 1237 1693 do
1257 1629 1335 1694 lana

208 1731 275 1795 oris
295 1731 461 1808 fecundae,
482 1729 630 1811 ligaveris
651 1729 738 1791 eirea
752 1727 903 1791 dextrum
923 1727 1039 1801 femur,
1060 1730 1264 1795 eontinenter
1276 1753 1335 1814 pa·

208 1834 269 1897 riet
289 1834 356 1898 sine
378 1833 499 1898 dolore.
523 1831 606 1895 Nam
627 1831 819 1895 oblivionem
840 1830 976 1912 praebet
1001 1831 1143 1895 omnium
1165 1829 1333 1900 dolorum:

208 1936 257 2000 ita
277 1937 406 2001 resistit
456 1935 632 2000 Craterites
660 1940 769 1997 autem
801 1931 935 2010 dieitur,
961 1933 1113 2015 quoniam
1142 1940 1244 1998 tenax
1274 1942 1333 2002 est
1352 1932 1384 1981 15

210 2037 292 2101 Nam
313 2036 501 2102 fortitudine
524 2043 557 2100 et
578 2035 725 2118 potentia
750 2035 785 2097 in
812 2032 939 2098 iudiciis
966 2040 1000 2098 et
1021 2034 1127 2098 oenus
1151 2035 1334 2118 litigatores

210 2139 335 2203 vincere
357 2139 449 2203 facit:
481 2144 606 2200 tantam
628 2137 880 2218 magnitudinem
902 2137 1002 2202 babet
1021 2138 1085 2202 iste
1104 2137 1208 2220 lapis,
1238 2147 1334 2206 etue

207 2241 341 2318 mireris,
364 2239 452 2322 qnod
474 2245 566 2302 tanta
587 2239 717 2303 nomina
738 2239 837 2302 babet
856 2239 919 2302 iste
940 2237 1034 2321 lapis

515 2474 644 2539 XXXV.
678 2473 806 2556 Lapis
827 2473 1016 2538 Berillns

294 2628 431 2692 Berillus
451 2627 551 2710 lapis:
581 2626 634 2691 hio
654 2647 790 2709 magnus
811 2626 896 2707 lapis
917 2631 983 2707 est;
1012 2632 1062 2691 est
1082 2626 1224 2707 lucidus,
1255 2629 1331 2694 sub·
1345 2631 1380 2681 20

206 2749 355 2808 serenus,
383 2729 508 2807 clarus,
530 2728 643 2793 similis
663 2728 735 2793 oleo
758 2727 925 2811 Apollinis.
970 2727 1096 2811 Soulpis
1123 2729 1158 2792 in
1179 2751 1219 2796 eo
1246 2730 1328 2796 loeu-

271 2891 286 2940 1
306 2889 418 2942 adducit
435 2906 510 2958 ego,
528 2890 642 2943 adduxit
658 2910 672 2940 c
676 2910 698 2956 p
718 2891 851 2958 probante
868 2890 981 2958 Bingi03
998 2889 1105 2943 omnino
1123 2905 1201 2958 ego.
1224 2908 1330 2947 omnum

205 2992 228 3037 c,
246 2974 318 3026 omni
333 2994 367 3040 p;
397 3003 428 3012 -
458 2974 629 3044 4[quumj
654 2983 812 3041 gestatur
833 2992 883 3044 pro
905 2981 1061 3043 gestatus
1074 2994 1108 3043 p,
1131 2977 1227 3044 gratiis
1244 2979 1328 3031 oeni

205 3058 304 3126 Ring;
321 3059 455 3127 propiciat
472 3077 498 3122 ος
515 3090 550 3099 -
568 3060 586 3109 5
601 3053 782 3125 benevolufc‚
800 3076 835 3113 an
847 3060 1124 3114 benevolentiam
1140 3061 1329 3114 sonbendam?

207 3144 426 3198 »benevolutum
447 3144 602 3197 dubitanter
619 3146 687 3198 coni.
698 3145 784 3212 Ring3
803 3176 831 3184 -
852 3147 872 3197 6
891 3146 1008 3199 faoinum
1019 3165 1048 3216 ⁶3
1066 3176 1102 3184 —
1118 3145 1292 3214 8permiotit
1303 3159 1329 3209 ος

204 3229 381 3283 -eorrida
398 3247 426 3294 c;
451 3260 481 3268 —
506 3231 541 3282 10
559 3229 629 3283 idest
646 3247 673 3296 ⁰3
696 3261 728 3270 —
754 3231 789 3282 16
807 3229 991 3283 fortitudinem
1008 3249 1035 3297 e;
1051 3233 1203 3298 potentiam
1220 3250 1248 3299 ⁶3
1265 3232 1330 3300 liga·

204 3320 278 3367 tores
295 3333 324 3380 ⁶3
349 3345 379 3352 -
404 3316 439 3366 18
457 3314 592 3368 mirereris
610 3333 636 3381 ⁶3
659 3344 692 3354 -
715 3315 750 3366 19
774 3315 816 3367 De
839 3314 934 3368 berillo
952 3315 1000 3367 olr.
1017 3313 1139 3368 vincent
1157 3315 1260 3370 Bellov.
1277 3317 1329 3370 ll

205 3413 264 3465 eap.
282 3399 400 3451 XLVII:
424 3398 625 3467 »Dyaseorides
644 3398 760 3451 Berillas
777 3398 847 3466 lapis
864 3398 968 3452 lucidus
986 3405 1074 3452 estet
1091 3399 1196 3453 clarus:
1219 3401 1279 3454 oleo
1296 3400 1330 3454 si·

206 3483 283 3537 milis.
307 3483 440 3550 sculpitur
457 3483 560 3537 locusta
578 3484 681 3536 marina
699 3501 732 3537 ae
749 3485 799 3537 sub
817 3485 929 3552 geminis
946 3485 1060 3552 pedibas
1076 3486 1136 3538 eius
1153 3492 1279 3540 cornuta:
1297 3499 1331 3538 ae

206 3568 255 3620 sub
274 3584 380 3635 gemma
396 3570 507 3636 ponitur
524 3561 608 3622 herba
630 3570 723 3623 senina
740 3570 844 3624 modico
864 3587 930 3624 auro
949 3571 1065 3624 inclusa:
1087 3577 1196 3638 gestata
1212 3587 1332 3626 amorem

208 3652 328 3718 coniugii
344 3653 418 3705 facit.
453 3655 533 3720 Aqua
552 3655 580 3706 in
598 3671 652 3721 qua
669 3656 750 3708 missa
769 3662 809 3708 est
826 3662 892 3723 pota
915 3655 950 3708 ad
971 3656 1108 3709 oculorum
1126 3657 1196 3710 viria
1212 3657 1286 3710 valet
1302 3663 1332 3710 et

206 3736 241 3787 ad
259 3752 362 3789 omnem
381 3737 586 3791 valetudinem«
600 3740 679 3791 -19
692 3747 719 3792 et
731 3741 773 3792 20
791 3741 885 3793 berillo
904 3759 932 3801 c;
946 3769 978 3778 -
990 3741 1033 3791 20
1050 3739 1167 3794 Berillus
1186 3741 1257 3809 lapis
1275 3760 1332 3796 om.

204 3834 236 3850 ⁶⁸·
277 3824 628 3892 -20.21subserinus0;
654 3855 683 3864 -
703 3829 738 3879 21
758 3827 804 3880 cfr.
828 3827 941 3879 alteram
962 3825 1061 3878 oodiois
1077 3829 1147 3880 8454
1165 3827 1330 3882 versionem:

329 3922 367 3960 ur
387 3907 415 3959 iu
440 3923 472 3960 eo
490 3907 594 3962 locusta
617 3910 720 3963 marine
744 3918 772 3964 et
796 3911 844 3964 sub
868 3927 900 3964 eo
923 3910 1071 3972 cornicula,
1093 3911 1195 3985 etlsub
1217 3913 1332 3979 genibus

441 4000 484 4047 eat
502 3996 635 4050 modicum
651 4013 746 4050 aarum
764 3997 920 4050 inclusum«.
941 4026 971 4035 -
990 3995 1164 4062 Apollinis
1182 3997 1256 4063 qnod
1277 4013 1332 4052 non

473 4079 536 4134 nale
556 4081 655 4135 iterato
678 4081 801 4136 similis
824 4087 913 4134 ortum
933 4095 992 4134 esse
1009 4079 1125 4133 ridetur.
