2866 4620
325 1175 549 1271 crunon
581 1149 780 1272 nisius
810 1175 1159 1272 susurnam.

272 1378 394 1454 Λίθος
416 1378 663 1462 κρύσταλλος
685 1381 702 1441 d
725 1383 800 1444 πᾶσι
822 1382 987 1464 γνώριμος.
1015 1377 1107 1454 οὗτος
1128 1378 1312 1464 ὠνόμασται

182 1489 240 1574 μὲν
264 1489 325 1551 ἀπὸ
349 1493 403 1575 τῆς
425 1490 701 1571 κρυσταλλοειδοῦς
723 1490 771 1553 καὶ
793 1490 940 1569 διαυγοῦς
957 1484 1078 1573 ’ὂψεως
1107 1488 1170 1577 ἔχει
1193 1489 1230 1553 δὲ
1254 1513 1312 1576 φυ-

186 1601 272 1674 σικὰς
293 1596 454 1682 ἐνεργείας
476 1599 634 1672 τοιαύτας·
659 1598 750 1672 εἴτις
772 1600 865 1662 αὐτὸν
888 1598 996 1663 ἐπάνω
1020 1598 1088 1685 θείη
1109 1601 1187 1663 κατὰ
1202 1602 1311 1688 ξὴρων

150 1728 167 1778 5
185 1709 294 1796 δᾴδων
316 1707 335 1795 ἢ
358 1710 405 1771 καί
428 1707 521 1796 ἄλλος
549 1711 628 1782 τινὸς
650 1700 724 1795 ἶίλυς
746 1710 923 1796 εὐπρήστου
945 1711 993 1771 καί
1021 1707 1141 1797 ταχέως
1168 1711 1313 1796 ἀντιλαμ-

183 1818 363 1905 βανομένης
387 1818 495 1904 πυρός,
520 1821 537 1880 ὁ
560 1818 596 1882 δὲ
618 1821 703 1906 ἥλιος
725 1817 764 1891 ἐξ
784 1815 926 1893 ἐναντίας
949 1819 1041 1881 αὐτὸν
1058 1821 1123 1892 ταῖς
1138 1821 1237 1883 ἀκτῖσι
1260 1843 1311 1883 πε·

181 1929 386 2017 ριαστράῴατ,
411 1934 535 2012 πρῶτον
556 1929 614 2013 μὲν
637 1929 740 2016 ὀλίγην
764 1929 828 1990 τινὰ
850 1929 899 1991 καί
920 1926 1012 2004 οὗτος
1032 1929 1136 1992 darton
1160 1935 1240 2012 πρὸς
1256 1932 1310 2018 τὴν

252 2119 266 2168 1
286 2114 373 2169 Huius
391 2115 539 2181 epitomae,
562 2114 596 2168 de
615 2130 669 2182 qua
691 2113 770 2181 plura
793 2112 849 2167 dixi
872 2113 901 2165 in
918 2112 1100 2180 praefatione,
1122 2112 1230 2169 codices
1247 2113 1309 2169 novi

184 2207 307 2270 quatuor.
343 2199 467 2252 Omnium
490 2199 671 2265 plenissimus,
701 2200 751 2252 etsi
773 2197 817 2251 hic
840 2197 895 2252 illic
919 2197 1013 2266 alienis
1036 2196 1226 2254 additamentis
1251 2215 1310 2268 gra·

184 2286 254 2338 viter
271 2284 403 2350 foedatus,
423 2290 464 2336 est
476 2282 623 2337 Vaticanus
641 2297 753 2350 graecus
771 2285 830 2350 578,
849 2281 949 2336 saeculi
966 2282 1052 2350 quinti
1070 2281 1167 2336 decimi
1184 2285 1309 2353 ineuntis,

96 2373 105 2391 ⁸
185 2385 264 2438 quem
281 2367 360 2422 huius
378 2369 502 2422 editionis
521 2367 722 2421 tundamentum
740 2383 798 2422 esse
816 2367 902 2434 volni}
923 2367 1026 2436 signavi
1044 2369 1070 2422 V
1086 2367 1186 2422 littera.
1223 2369 1311 2424 lusa-

184 2454 308 2509 rocciano
326 2453 403 2522 libro,
423 2471 463 2508 nr.
486 2459 531 2509 131
551 2455 665 2522 signato,
683 2453 841 2522 bombycino
860 2451 961 2529 saeculi
979 2451 1045 2506 XIV
1068 2458 1137 2518 (meo
1156 2453 1189 2520 B)
1209 2455 1310 2523 primus

184 2539 313 2594 nonnulla
330 2538 396 2592 satis
413 2539 688 2613 neglegentervhausit
706 2543 734 2591 et
751 2537 778 2591 in
797 2535 921 2590 editionis
932 2532 998 2591 suae
1011 2535 1141 2591 addendis
1153 2544 1191 2606 (p.
1201 2543 1235 2594 98
1242 2541 1309 2608 sqq.)

184 2624 285 2692 publici
296 2623 362 2678 iuris
373 2623 438 2678 feeit
449 2623 589 2692 Tyrwhitt,
607 2639 677 2692 quae
691 2623 779 2678 omnia
790 2623 926 2676 Hermann
938 2622 967 2676 in
979 2623 1049 2676 notis
1063 2621 1218 2677 recudenda
1235 2638 1310 2679 eura·

184 2709 231 2764 vit.
267 2708 346 2761 Initio
364 2709 474 2762 mutilus
497 2716 538 2763 est
555 2707 641 2762 codex
658 2707 851 2762 Ambrosianus
868 2710 893 2760 A
912 2711 959 2773 95,
984 2707 1151 2771 chartaceus,
1168 2722 1240 2762 saec.
1258 2707 1309 2763 XV

184 2795 271 2863 (mens
287 2793 333 2862 A),
351 2794 397 2862 qui
414 2802 504 2847 tamen
522 2795 550 2847 in
568 2793 649 2847 libelli
674 2794 727 2847 fine
750 2793 937 2848 nonnullorum
960 2792 1078 2861 lapidum
1103 2792 1310 2861 descriptionem

183 2880 212 2933 in
230 2880 251 2932 Β
269 2879 392 2933 omissam
410 2879 487 2934 nobis
505 2879 577 2933 solus
605 2885 714 2946 praeter
733 2878 756 2930 V
779 2879 903 2932 servavit.
921 2909 955 2918 —
977 2877 1101 2930 Omnium
1118 2879 1234 2932 maxime
1251 2877 1309 2932 bre·

147 2950 152 2986 ³
184 2964 272 3018 viatus
291 2970 332 3017 est
349 2963 435 3018 codex
453 2949 756 3018 Vindobonensis‘med.
775 2979 863 3030 graec.
881 2967 928 3029 30,
952 2963 1037 3017 chart
1056 2978 1125 3017 saec.
1143 2962 1212 3026 XV,
1230 2977 1309 3032 quom

184 3056 270 3104 totum
289 3065 306 3102 a
326 3050 459 3117 Weigelio
483 3049 645 3117 descriptum
670 3063 728 3102 esse
753 3047 911 3102 Valentinus
935 3047 1007 3102 Rose
1031 3048 1176 3102 memoriae
1198 3049 1309 3104 tradidit

183 3136 212 3190 in
228 3135 330 3189 Herma
347 3135 408 3200 (vol.
426 3134 464 3188 IX
488 3151 516 3202 p,
534 3135 605 3201 477).
640 3133 684 3187 Ex
702 3150 754 3202 quo
778 3133 847 3188 libro
869 3149 938 3201 quae
961 3135 1060 3203 passim
1084 3136 1216 3202 exscripsi
1238 3126 1308 3193 notis

183 3220 284 3274 inserui
303 3221 323 3274 C
340 3219 431 3275 littera
449 3227 549 3276 notata.
576 3251 611 3277 -,-
637 3219 734 3273 Libelli
749 3218 857 3284 titulum
873 3218 935 3272 dedi
957 3234 991 3282 ex
1008 3220 1040 3273 V.
1076 3219 1108 3273 In
1126 3219 1149 3272 B
1167 3236 1238 3275 nunc
1252 3219 1307 3289 ’θρ-

182 3305 256 3371 φέως
273 3305 362 3357 λιθιιὰ
374 3346 458 3359 .....
471 3306 579 3373 ύγματα
596 3311 702 3359 tantum
720 3311 803 3371 extat,
827 3304 902 3358 cuius
920 3305 978 3360 loco
997 3303 1130 3373 »Ὀρφέως
1148 3305 1263 3358 indatio
1274 3336 1308 3348 ·-

184 3405 244 3443 eum
261 3390 343 3444 tertia
360 3390 476 3457 quadam
488 3407 562 3459 voce,
581 3407 661 3459 quam
677 3391 762 3444 literis
780 3404 814 3443 ex
831 3389 941 3444 madore
954 3389 1063 3451 chartae
1081 3391 1201 3446 evanidis
1218 3391 1307 3461 legere

183 3473 328 3543 nequivit«
348 3475 477 3542 scriptum
496 3490 554 3528 esse
572 3491 715 3544 perperam
734 3475 784 3529 sibi
803 3475 939 3543 persuasit
957 3475 1097 3544 Tyrwhitt.
1125 3507 1155 3516 -
1181 3475 1306 3546 'Oppiae

183 3560 248 3631 περὶ
265 3560 348 3614 λίθων
369 3566 410 3614 est
426 3560 565 3628 inscriptio
583 3560 612 3615 in
630 3563 663 3623 ὓς
683 3565 708 3615 A
725 3561 804 3615 titulo
823 3568 906 3616 caret.

250 3646 292 3728 die
310 3645 436 3714 crystallo
455 3661 507 3699 non
525 3645 576 3699 nisi
592 3646 661 3700 haec
678 3647 806 3715 leguntur
822 3647 851 3699 in
869 3647 902 3700 C:
920 3646 997 3707 λίνος
1009 3649 1024 3700 ὁ
1035 3648 1220 3717 κρύσταλλος·
1238 3646 1309 3701 ozai

184 3728 402 3832 κρείυλεγόμενος
419 3744 434 3816 d
451 3765 495 3815 καὶ
513 3764 544 3818 τὸ
563 3767 619 3835 πῦρ
638 3765 802 3818 ὁπανάπτων
820 3765 849 3816 ἐν
872 3767 933 3825 ταῖς
949 3769 1001 3818 τοῦ
1019 3766 1094 3836 ἡλίου
1113 3767 1209 3820 ἀντίαι.
1227 3765 1306 3834 φασίν

183 3849 225 3902 ὅτι
243 3853 302 3909 τοῖς
321 3852 431 3918 νεφροῖς
449 3850 607 3917 περιδεθείς
624 3850 671 3903 τὸν
690 3855 824 3903 νοσοῦντα
842 3850 959 3910 τούτους
977 3852 1056 3905 ἰᾶται.

252 3935 442 4004 2κρύσταλος
464 3936 541 3990 codd.
569 3966 601 3976 -
631 3936 901 4005 Βιρυσταλοειδοῦς
928 3934 1005 3990 codd.
1035 3965 1064 3977 -
1094 3935 1189 4008 3ἔχσι
1213 3936 1243 3988 oi
1264 3935 1307 3987 καί

182 4020 215 4074 Β.
231 4051 258 4060 -
275 4020 456 4089 ὄείοτρίστυυ
470 4021 500 4074 B.
515 4050 546 4062 ···
563 4022 591 4076 ὅ.
605 4022 625 4074 6
639 4021 906 4088 ἀντιλαμβανόμενος
917 4023 949 4076 V.
964 4052 993 4062 -
1010 4022 1030 4074 6
1048 4022 1132 4075 αὐτὸν
1151 4021 1305 4082 ἐξεναντίας

182 4105 216 4160 Β.
231 4135 266 4146 -
283 4105 332 4166 τὰς
350 4107 460 4166 ἀκτῖνας
478 4109 506 4161 Β.
524 4138 555 4148 -
576 4109 595 4160 7
614 4109 658 4160 καὶ
676 4124 726 4161 om.
743 4109 774 4162 B.
