2866 4620
604 329 817 394 ..92-

151 513 217 568 dett.
235 518 263 568 ei
280 512 340 568 edd.
358 543 391 554 -
410 513 466 565 681
485 513 593 582 περάαν
605 513 628 567 Β
638 513 668 566 Μ
677 513 699 566 Ρ
709 513 764 567 Pal.
771 514 805 576 V,
823 513 929 584 περάᾳν
948 513 1010 579 aii,
1029 515 1121 586 περάᾳ
1138 515 1233 584 Steph.
1245 522 1272 570 et

152 598 210 653 rell.
228 598 288 652 edd.
306 604 369 652 ante
381 598 482 660 Herm,
499 597 611 665 κεράων
631 598 698 652 coni.
711 598 823 667 Tyrich,
841 598 951 664 περόων
968 600 995 652 Α
1012 604 1041 653 ct
1056 599 1163 667 Herm.;
1182 597 1235 652 (λλιι
1251 599 1273 654 Ρ

152 732 181 783 a;
200 716 324 786 ἐϋσέλμιρ
342 713 417 770 codd.
437 729 528 769 omncs
546 716 679 779 (ἑϋσέλμυ
696 718 732 781 Δ)
749 717 804 771 ait.
826 748 860 758 —
884 717 947 769 682
962 716 1126 780 ρενομὲνοιο
1144 721 1177 786 V,
1193 684 1272 782 aas·

151 800 244 864 μένοιο
262 798 350 853 BPal.
372 829 401 837 -
421 799 483 850 683
497 799 580 869 χόλον
599 800 763 868 ἀνόρϊφόνον
779 801 812 867 Δ,
826 800 908 871 χόλον
929 800 1098 869 ἀνδροφόνον
1116 798 1184 854 dett.
1198 800 1273 856 codd.

152 891 180 938 et
201 883 261 939 edd.
282 890 345 938 ante
363 883 455 938 Herm.
491 883 594 952 abege,
620 885 789 952 transpositis
811 884 908 938 litterIs
930 884 974 936 :nl
997 883 1078 955 λόχον
1102 884 1272 954 ἀνδροφόνον

152 969 262 1036 φεύγειν
287 967 341 1019 ἀπό
366 967 530 1038 ληϊστήρυκν.
547 968 628 1038 λόχος
648 969 757 1037 proprie
774 969 872 1023 dicitur
896 969 929 1023 de
951 967 1107 1023 latronibus.
1143 970 1213 1025 Vico
1235 969 1273 1025 cl.

152 1051 359 1106 Valckenarium
383 1051 417 1104 ad
434 1051 511 1105 Bion.
532 1054 618 1106 carm.
641 1056 697 1108 15«.
721 1051 852 1107 Ruhnla
874 1054 902 1106 in
927 1053 993 1106 Bibl
1016 1053 1080 1107 crit.
1097 1053 1166 1108 VIII
1187 1071 1215 1123 p.
1232 1058 1272 1109 bd

154 1135 330 1204 ἀνδροφόνων
348 1136 416 1189 coni
434 1135 556 1190 Bernard
573 1136 601 1189 iu
616 1137 671 1191 vita
687 1137 791 1192 Reiskii
808 1154 834 1206 p.
851 1141 918 1200 409:
937 1137 1018 1209 λόχον
1037 1137 1216 1206 ἀνδροφόνων
1233 1153 1273 1192 re·

155 1221 228 1288 cepit
238 1221 339 1289 Herm,
356 1228 439 1284 recte,
456 1227 531 1289 puto,
549 1227 579 1275 ut
597 1222 624 1275 in
643 1223 732 1291 epioe:
751 1222 813 1276 licet
831 1221 865 1276 ad
877 1222 1014 1291 vulgatam
1025 1223 1186 1291 scripturam
1198 1228 1273 1278 tnen-

155 1305 216 1358 dam
234 1321 288 1358 nou
305 1305 397 1373 inepte
415 1306 531 1359 conferri
548 1306 651 1372 possint
668 1321 701 1360 ea
719 1322 788 1375 quac
806 1306 939 1360 slmillima
958 1307 992 1361 de
1011 1307 1167 1362 Memnon10
1186 1308 1273 1377 lapide
1291 1378 1293 1382 .

154 1390 222 1444 dixit
239 1390 417 1458 Damigeron:
437 1390 532 1444 »Hunc
549 1395 639 1444 antem
657 1390 774 1459 lapidem
791 1406 855 1445 usus
873 1391 962 1445 omnia
973 1391 1112 1460 superabis
1127 1407 1198 1460 qnae
1215 1392 1273 1447 dico

156 1481 189 1529 et
207 1491 320 1530 omncs
337 1475 409 1528 iras
427 1475 591 1544 eflugies,
614 1483 648 1528 et
665 1476 849 1545 naufragio
867 1478 956 1530 lacto
975 1475 1129 1530 enatabis
1147 1481 1180 1530 et
1198 1491 1274 1530 con·

153 1568 304 1628 tempnes
321 1560 512 1628 Neptunum
528 1561 661 1614 maris«.
679 1558 731 1613 ἄπο
749 1563 782 1620 A.
802 1562 855 1613 ἀπὸ
874 1561 951 1616 codd.
966 1561 1032 1615 dett.
1051 1550 1155 1614 et‘odd.
1177 1560 1273 1614 ‘Prae-

153 1644 315 1712 positionnm
332 1644 462 1698 laonrem
479 1651 507 1698 et
524 1660 610 1713 paene
634 1644 814 1698 abundantem
836 1647 941 1713 qualem
963 1635 1127 1699 recentiores
1145 1645 1196 1700 sibi
1213 1660 1273 1713 per-

155 1729 264 1783 miitunt
282 1746 374 1784 usum«
399 1730 479 1785 etiam
502 1731 530 1784 in
552 1731 629 1801 λόχον
654 1730 762 1799 φεύγειν
788 1732 841 1783 ἀπὸ
863 1731 1016 1802 ληϊστῆρων
1040 1744 1203 1797 cognoscere
1225 1726 1275 1782 sibi

153 1814 294 1868 videbatur
311 1814 381 1869 Wiel
406 1831 432 1883 p.
455 1819 500 1877 14,
524 1815 601 1869 male.
628 1846 659 1856 -
687 1816 751 1868 684
769 1816 922 1879 κονιόμενον
946 1815 1014 1870 coni.
1031 1815 1124 1869 Perdr.
1152 1846 1181 1854 -
1211 1814 1274 1866 686

156 1899 271 1950 ὀπάσσει
289 1899 314 1951 Α
333 1904 361 1951 et
372 1897 504 1952 Eschenb.
523 1899 695 1953 inversione:
715 1899 822 1964 dabit,
844 1900 963 1952 ὀπάσσαι
980 1898 1055 1954 codd.
1074 1898 1140 1953 dett.
1157 1903 1186 1953 et
1203 1898 1275 1963 cdd:

154 1983 279 2053 θνητοῖσι
294 1983 322 2036 Β.
339 2013 372 2023 -
392 1983 455 2034 686
472 1983 571 2053 γλυκὴν
590 1985 618 2035 δ’
635 1983 763 2051 cmlv,
780 1984 878 2052 γλυκύν
897 1985 924 2036 δ’
943 1984 995 2037 ΒΡ
1013 1983 1075 2051 aii,
1093 1984 1184 2050 δεινὴν
1198 1983 1224 2035 δ’
1236 1983 1275 2050 Μ,

153 2067 274 2136 γλαυκὴν
293 2068 321 2118 δ’
339 2067 431 2135 Steph.
450 2073 477 2119 et
494 2067 552 2120 rell.
571 2067 644 2135 θολός
660 2069 835 2137 ἐχρεκύδιμον
853 2068 1001 2122 BPPaI.V
1018 2068 1080 2130 ait;
1100 2099 1132 2109 -
1151 2068 1275 2139 ἀτέρβεο

155 2152 274 2206 PPal.V
293 2151 354 2218 aii,
377 2153 480 2216 ἀτέβεα
498 2153 529 2218 B,
547 2152 675 2220 ἀτάρβεο
694 2153 761 2206 coni.
779 2152 870 2205 Perdr.
890 2185 921 2193 -
946 2153 1008 2204 687
1026 2152 1210 2222 κικλήσκουσιν
1229 2154 1272 2223 [Ρ]

156 2235 215 2289 edd.
235 2265 265 2276 -
286 2236 349 2287 688
372 2236 441 2288 κατὰ
464 2236 559 2300 όέσμοι
583 2237 614 2289 B.
640 2266 670 2276 -
699 2236 761 2288 689
781 2238 961 2304 ἀχνομπτοῖσι
984 2253 1018 2292 cx
1042 2238 1224 2305 ἀχνύμπτοισι
1240 2240 1276 2304 Β;

157 2318 272 2388 ἐρρνύσι
289 2325 351 2372 ante
370 2321 410 2387 ἐρ.
430 2318 546 2372 deletum
563 2321 591 2374 in
609 2321 645 2388 B,
668 2321 714 2390 qui
737 2327 800 2374 ante
818 2336 886 2376 corr.
904 2322 1007 2391 ἐρινύσι
1023 2321 1131 2384 habuit:
1155 2323 1239 2394 πάχχι
1255 2322 1277 2376 Ρ

156 2401 214 2457 Pal.
233 2402 295 2470 aii,
312 2403 459 2468 μέλλουσαι
470 2402 527 2456 Pal.
545 2433 578 2444 -
597 2404 661 2456 690
678 2405 757 2466 μίσος
774 2403 850 2458 codd.
863 2405 927 2460 dett.
944 2406 997 2459 aii
1012 2412 1039 2458 et
1057 2405 1160 2459 Dinner
1176 2423 1205 2476 p.
1218 2411 1276 2474 502,

157 2488 203 2556 qni
220 2487 309 2542 addit:
329 2489 392 2542 »sed
410 2488 510 2543 rectius
527 2490 641 2543 fortasse
658 2490 777 2556 legemus
794 2489 889 2555 μύσος,
908 2491 1067 2557 placulnma.
1085 2490 1199 2560 Gesner,
1217 2506 1277 2546 cum

156 2573 331 2639 dubitaverit,
354 2590 389 2628 an
406 2574 544 2628 commode
567 2574 672 2628 dicatur
689 2574 785 2642 aliquis
804 2575 952 2637 occultare,
975 2575 1047 2644 qnod
1064 2590 1093 2629 se
1110 2575 1213 2630 habere
1231 2590 1275 2629 ne·

157 2659 231 2725 solat,
250 2661 349 2712 κεῦύσν
369 2659 435 2714 coni.
448 2659 554 2726 passivo
573 2674 665 2725 sensu:
685 2659 732 2714 scd
750 2659 802 2713 hoc
813 2659 976 2726 tragicorum
994 2665 1042 2724 est,
1059 2676 1112 2714 non
1131 2660 1275 2727 epicorum.

157 2752 187 2799 nt
204 2753 278 2800 recte
296 2745 421 2801 observat
433 2745 505 2799 Wiel
516 2761 543 2813 p.
555 2749 600 2806 25:
621 2746 746 2797 σπεύδων
764 2761 814 2813 pro
833 2745 939 2797 reddor
958 2745 1025 2800 coni.
1037 2744 1159 2798 Bernard
1178 2744 1213 2798 ad
1230 2745 1274 2812 Sy·

157 2843 212 2883 nes.
235 2829 269 2882 de
294 2829 400 2883 Febrib.
423 2845 448 2897 p,
468 2835 509 2885 95.
546 2831 671 2884 Haesisao
696 2830 741 2884 hic
766 2831 837 2884 viros
863 2829 956 2884 doctos
982 2830 1093 2883 mitatns
1120 2835 1162 2883 est
1186 2830 1276 2883 Herm.

159 2913 255 2967 »Certe
273 2913 301 2966 iu
313 2914 401 2968 verbis
419 2913 485 2967 nihil
503 2921 544 2968 est
555 2914 720 2983 Impeditum,
744 2915 822 2970 modo
840 2930 873 2969 ne
892 2912 1058 2983 οἰκοφθόρον
1076 2913 1203 2968 adiectivi
1220 2914 1276 2968 loco

160 3010 220 3051 cum
237 2998 325 3062 μύσος
342 2998 477 3066 iungatur,
495 2999 543 3054 sed
560 3016 610 3067 pro
628 2999 809 3070 οῖκοφύόρουν
828 3005 969 3068 acceptum
986 3014 1047 3053 cum
1065 2997 1190 3070 ἐνόησεν.
1203 3045 1211 3076 3
1226 2997 1277 3053 Sed

158 3083 291 3136 sententia
308 3083 391 3137 habet
408 3085 498 3138 nescio
517 3084 580 3153 qnid
599 3084 728 3152 impediti.
756 3084 808 3150 Qui
825 3085 895 3138 enlm
913 3084 1020 3152 piaculo
1038 3081 1178 3137 commisso
1197 3097 1277 3151 qnan-

158 3171 202 3223 tae
219 3167 248 3221 id
266 3167 316 3222 sibi
333 3184 420 3222 noxae
438 3169 524 3222 sitne
541 3169 695 3236 cognoverit
710 3169 826 3237 quidem,
844 3168 908 3237 quid
926 3168 952 3221 ei
969 3183 1037 3235 opus
1054 3174 1096 3221 cst
1113 3165 1277 3221 averrunco?

158 3258 272 3320 etopus
294 3257 336 3305 est
357 3252 381 3305 si
403 3251 490 3306 scelus
512 3258 679 3306 contractum
700 3252 791 3306 celans
815 3252 932 3307 nondum
953 3252 1010 3305 luit.
1044 3252 1141 3320 Itaque
1163 3252 1277 3321 primum

157 3337 290 3406 ἥχνευσεν
315 3335 483 3391 scribendum
505 3352 563 3391 esse
587 3338 755 3407 suspicabar,
777 3336 825 3391 sed
847 3338 875 3392 iu
893 3343 923 3390 ut
947 3336 1112 3405 trisyllabum
1135 3338 1163 3391 in
1187 3349 1278 3392 versut

157 3421 296 3491 spondaici
318 3423 394 3476 exitu
418 3429 513 3476 contre
536 3438 638 3478 morem
663 3428 836 3499 pociacum:
865 3436 936 3475 nunc
962 3437 1082 3490 propono
1107 3421 1201 3474 odxet’
1221 3419 1277 3490 [sic]

158 3508 272 3562 ἔτισενι.
295 3508 385 3562 Wiel
408 3525 433 3577 p.
455 3514 502 3577 25,
524 3511 571 3578 qui
592 3515 677 3564 totum
700 3511 788 3564 locum
809 3511 878 3564 male
900 3507 1046 3574 intellexit,
1068 3506 1188 3573 itemque
1212 3505 1277 3558 οἱκο-

158 3595 264 3664 φόόρσν
282 3593 353 3648 male
370 3609 419 3662 pro
438 3594 615 3664 oisopdopoov
639 3595 737 3649 dictum
762 3610 820 3648 csse
845 3593 959 3662 putavit.
994 3592 1045 3658 Qui
1062 3590 1199 3658 piaculum
1216 3605 1234 3645 a
1250 3592 1278 3642 se

61 3726 64 3733 .
159 3679 327 3734 commissum
351 3693 409 3733 esse
433 3680 521 3747 novit,
544 3680 568 3732 is
590 3680 700 3734 numina
722 3681 831 3747 expiare
848 3683 952 3746 potest;
978 3675 1024 3744 qui
1046 3680 1138 3728 autem
1155 3688 1189 3728 ne
1206 3672 1279 3729 norit

158 3761 267 3832 quidem
283 3770 425 3831 peccatum
441 3779 532 3826 suum,
556 3764 579 3817 is
597 3763 661 3817 deos
678 3763 762 3816 iratos
779 3763 888 3830 placare
908 3762 1014 3825 omnino
1032 3775 1086 3812 non
1102 3763 1207 3826 potest,
1230 3755 1279 3811 nisi

159 3848 221 3917 quis
241 3849 334 3903 coralli
358 3863 409 3917 ope
436 3849 462 3902 ci
484 3848 644 3902 subvenerit.
687 3849 747 3901 Hoc
767 3853 876 3916 poetam
899 3846 987 3900 dIcere
1014 3843 1130 3898 voluisse
1154 3847 1230 3910 puto.
1245 3869 1277 3881 -

159 3930 218 3987 691
228 3930 273 3985 'Iul
290 3932 380 4000 σφίσιν
394 3933 484 4000 vulgo,
501 3933 572 4001 quod
590 3933 708 3996 correxi;
725 3932 771 3983 ἐπ’
791 3930 885 3989 dolona
896 3931 929 3996 B,
946 3930 992 3981 ἐπ’
1010 3927 1102 3985 ἀοιδάς
1118 3926 1151 3980 V.
1165 3955 1196 3966 -
1218 3925 1278 3978 692

161 4010 315 4087 Ιλλῆλοισιν
331 4016 354 4070 Ρ
372 4023 435 4072 ante
453 4033 534 4080 corn,
554 4017 615 4079 aii:
634 4014 774 4067 τελέουσιν
794 4019 832 4081 A,
850 4017 881 4065 ut
900 4013 1070 4067 coniecerunt
1088 4009 1200 4077 Gesner,
1217 4009 1279 4063 Ber·
