<?xml version="1.0" encoding="UTF-8"?>
<!DOCTYPE html PUBLIC "-//W3C//DTD XHTML 1.0 Transitional//EN"
    "http://www.w3.org/TR/xhtml1/DTD/xhtml1-transitional.dtd">
<html xmlns="http://www.w3.org/1999/xhtml" xml:lang="en" lang="en">
 <head>
  <title>
</title>
<meta http-equiv="Content-Type" content="text/html;charset=utf-8" />
  <meta name='ocr-system' content='tesseract 3.04.00' />
  <meta name='ocr-capabilities' content='ocr_page ocr_carea ocr_par ocr_line ocrx_word'/>
</head>
<body>
  <div class='ocr_page' id='page_1' title='image "./orpheilithica00orphgoog_0088.png"; bbox 0 0 2866 4620; ppageno 0'>
   <div class='ocr_carea' id='block_1_1' title="bbox 623 330 835 392">
    <p class='ocr_par' dir='ltr' id='par_1_1' title="bbox 623 330 835 392">
     <span class='ocr_line' id='line_1_1' title="bbox 623 330 835 392; baseline 0.019 -19"><span class='ocrx_word' id='word_1_1' title='bbox 623 330 835 392; x_wconf 78' lang='grc'>-79-</span> 
     </span>
    </p>
   </div>
   <div class='ocr_carea' id='block_1_2' title="bbox 166 506 1298 1006">
    <p class='ocr_par' dir='ltr' id='par_1_2' title="bbox 166 506 1298 1006">
     <span class='ocr_line' id='line_1_2' title="bbox 169 506 1298 590; baseline 0.013 -29"><span class='ocrx_word' id='word_1_2' title='bbox 169 508 202 561; x_wconf 84' lang='lat' dir='ltr'>od</span> <span class='ocrx_word' id='word_1_3' title='bbox 217 508 289 563; x_wconf 77' lang='grc' dir='ltr'><em>πόδε</em></span> <span class='ocrx_word' id='word_1_4' title='bbox 306 524 356 577; x_wconf 88' lang='lat' dir='ltr'>pro</span> <span class='ocrx_word' id='word_1_5' title='bbox 374 506 408 561; x_wconf 86' lang='grc' dir='ltr'>οό</span> <span class='ocrx_word' id='word_1_6' title='bbox 425 528 489 562; x_wconf 77' lang='grc' dir='ltr'><em>ποτε</em></span> <span class='ocrx_word' id='word_1_7' title='bbox 507 510 621 565; x_wconf 90' lang='lat' dir='ltr'>coniecit</span> <span class='ocrx_word' id='word_1_8' title='bbox 626 529 636 574; x_wconf 88' lang='lat'>,·</span> <span class='ocrx_word' id='word_1_9' title='bbox 653 510 685 564; x_wconf 84' lang='lat' dir='ltr'>od</span> <span class='ocrx_word' id='word_1_10' title='bbox 703 530 769 565; x_wconf 81' lang='grc' dir='ltr'><em>ποτε</em></span> <span class='ocrx_word' id='word_1_11' title='bbox 788 514 900 569; x_wconf 77' lang='lat' dir='ltr'>retinuit</span> <span class='ocrx_word' id='word_1_12' title='bbox 917 516 1008 571; x_wconf 88' lang='lat' dir='ltr'>llarm.</span> <span class='ocrx_word' id='word_1_13' title='bbox 1027 525 1055 571; x_wconf 89' lang='lat' dir='ltr'>et</span> <span class='ocrx_word' id='word_1_14' title='bbox 1072 519 1162 581; x_wconf 84' lang='grc' dir='ltr'><em>μένειν</em></span> <span class='ocrx_word' id='word_1_15' title='bbox 1181 536 1231 588; x_wconf 89' lang='lat' dir='ltr'>pro</span> <span class='ocrx_word' id='word_1_16' title='bbox 1249 524 1298 590; x_wconf 77' lang='lat' dir='ltr'>psi·</span> 
     </span>
     <span class='ocr_line' id='line_1_3' title="bbox 168 594 1297 673; baseline 0.012 -25"><span class='ocrx_word' id='word_1_17' title='bbox 168 612 228 663; x_wconf 78' lang='grc' dir='ltr'><strong><em>οιιν</em></strong></span> <span class='ocrx_word' id='word_1_18' title='bbox 247 609 283 650; x_wconf 84' lang='lat' dir='ltr'>ex</span> <span class='ocrx_word' id='word_1_19' title='bbox 301 594 477 650; x_wconf 85' lang='lat' dir='ltr'>Slotlronrrsri</span> <span class='ocrx_word' id='word_1_20' title='bbox 495 596 649 651; x_wconf 85' lang='lat' dir='ltr'>coniectura</span> <span class='ocrx_word' id='word_1_21' title='bbox 666 597 705 663; x_wconf 79' lang='lat' dir='ltr'>(in</span> <span class='ocrx_word' id='word_1_22' title='bbox 724 600 784 652; x_wconf 81' lang='lat' dir='ltr'>Act</span> <span class='ocrx_word' id='word_1_23' title='bbox 802 600 862 655; x_wconf 87' lang='lat' dir='ltr'>Soc.</span> <span class='ocrx_word' id='word_1_24' title='bbox 881 600 953 656; x_wconf 87' lang='lat' dir='ltr'>Trai.</span> <span class='ocrx_word' id='word_1_25' title='bbox 972 603 1023 658; x_wconf 89' lang='lat' dir='ltr'>vol.</span> <span class='ocrx_word' id='word_1_26' title='bbox 1044 604 1084 657; x_wconf 89' lang='lat' dir='ltr'>lll</span> <span class='ocrx_word' id='word_1_27' title='bbox 1102 621 1129 672; x_wconf 89' lang='lat' dir='ltr'>p.</span> <span class='ocrx_word' id='word_1_28' title='bbox 1145 608 1204 673; x_wconf 74' lang='lat'>160)</span> <span class='ocrx_word' id='word_1_29' title='bbox 1223 622 1297 661; x_wconf 90' lang='lat' dir='ltr'>rece·</span> 
     </span>
     <span class='ocr_line' id='line_1_4' title="bbox 166 680 1296 752; baseline 0.01 -17"><span class='ocrx_word' id='word_1_30' title='bbox 166 682 215 751; x_wconf 88' lang='lat' dir='ltr'>pit.</span> <span class='ocrx_word' id='word_1_31' title='bbox 231 712 263 723; x_wconf 94' lang='lat'><em>-</em></span> <span class='ocrx_word' id='word_1_32' title='bbox 282 680 547 745; x_wconf 69' lang='lat' dir='ltr'>iacrdosocholus,</span> <span class='ocrx_word' id='word_1_33' title='bbox 565 684 636 751; x_wconf 89' lang='lat' dir='ltr'>quod</span> <span class='ocrx_word' id='word_1_34' title='bbox 649 686 746 752; x_wconf 83' lang='lat' dir='ltr'>recepi.</span> <span class='ocrx_word' id='word_1_35' title='bbox 775 685 908 740; x_wconf 78' lang='lat' dir='ltr'>Hicetaon</span> <span class='ocrx_word' id='word_1_36' title='bbox 920 688 999 750; x_wconf 86' lang='lat' dir='ltr'>enim,</span> <span class='ocrx_word' id='word_1_37' title='bbox 1017 704 1069 743; x_wconf 93' lang='lat' dir='ltr'>non</span> <span class='ocrx_word' id='word_1_38' title='bbox 1089 690 1200 745; x_wconf 89' lang='lat' dir='ltr'>lcetaon</span> <span class='ocrx_word' id='word_1_39' title='bbox 1218 691 1296 746; x_wconf 88' lang='lat' dir='ltr'>audit</span> 
     </span>
     <span class='ocr_line' id='line_1_5' title="bbox 166 765 1294 845; baseline 0.009 -24"><span class='ocrx_word' id='word_1_40' title='bbox 166 765 318 837; x_wconf 70' lang='lat' dir='ltr'>Melanippi</span> <span class='ocrx_word' id='word_1_41' title='bbox 329 772 408 836; x_wconf 86' lang='lat' dir='ltr'>pater</span> <span class='ocrx_word' id='word_1_42' title='bbox 419 768 492 836; x_wconf 84' lang='lat' dir='ltr'>apud</span> <span class='ocrx_word' id='word_1_43' title='bbox 505 768 652 823; x_wconf 85' lang='lat' dir='ltr'>Homerum</span> <span class='ocrx_word' id='word_1_44' title='bbox 664 784 778 838; x_wconf 81' lang='lat' dir='ltr'>semper,</span> <span class='ocrx_word' id='word_1_45' title='bbox 797 778 825 823; x_wconf 91' lang='lat' dir='ltr'>et</span> <span class='ocrx_word' id='word_1_46' title='bbox 837 772 884 825; x_wconf 82' lang='lat' dir='ltr'>cir.</span> <span class='ocrx_word' id='word_1_47' title='bbox 894 769 1000 839; x_wconf 78' lang='grc' dir='ltr'><em>Ἱκέτας,</em></span> <span class='ocrx_word' id='word_1_48' title='bbox 1016 769 1112 843; x_wconf 71' lang='grc' dir='ltr'><em>Ἱκέτης</em></span> <span class='ocrx_word' id='word_1_49' title='bbox 1123 790 1219 829; x_wconf 87' lang='lat' dir='ltr'>nomen</span> <span class='ocrx_word' id='word_1_50' title='bbox 1234 792 1294 845; x_wconf 89' lang='lat' dir='ltr'>pro·</span> 
     </span>
     <span class='ocr_line' id='line_1_6' title="bbox 166 849 1294 926; baseline 0.01 -21"><span class='ocrx_word' id='word_1_51' title='bbox 166 849 269 921; x_wconf 74' lang='lat' dir='ltr'>prium</span> <span class='ocrx_word' id='word_1_52' title='bbox 292 850 431 911; x_wconf 77' lang='grc' dir='ltr'><em>ἐκιτάονοι</em></span> <span class='ocrx_word' id='word_1_53' title='bbox 455 852 512 907; x_wconf 88' lang='lat' dir='ltr'>rell.</span> <span class='ocrx_word' id='word_1_54' title='bbox 531 853 608 908; x_wconf 90' lang='lat' dir='ltr'>codd.</span> <span class='ocrx_word' id='word_1_55' title='bbox 630 859 659 907; x_wconf 93' lang='lat' dir='ltr'>et</span> <span class='ocrx_word' id='word_1_56' title='bbox 681 854 740 909; x_wconf 87' lang='lat' dir='ltr'>edd.</span> <span class='ocrx_word' id='word_1_57' title='bbox 777 856 877 909; x_wconf 88' lang='lat' dir='ltr'>Iterum</span> <span class='ocrx_word' id='word_1_58' title='bbox 901 857 1084 926; x_wconf 76' lang='lat' dir='ltr'>adstipulante</span> <span class='ocrx_word' id='word_1_59' title='bbox 1107 858 1294 916; x_wconf 85' lang='lat' dir='ltr'>Saldanadelio</span> 
     </span>
     <span class='ocr_line' id='line_1_7' title="bbox 166 936 1180 1006; baseline 0.009 -16"><span class='ocrx_word' id='word_1_60' title='bbox 166 936 238 991; x_wconf 81' lang='lat' dir='ltr'>wisi</span> <span class='ocrx_word' id='word_1_61' title='bbox 254 952 281 1005; x_wconf 86' lang='lat' dir='ltr'>p.</span> <span class='ocrx_word' id='word_1_62' title='bbox 300 940 335 993; x_wconf 70' lang='lat'>27</span> <span class='ocrx_word' id='word_1_63' title='bbox 353 938 526 1006; x_wconf 71' lang='lat' dir='ltr'>transpositis</span> <span class='ocrx_word' id='word_1_64' title='bbox 544 939 664 992; x_wconf 82' lang='lat' dir='ltr'>versibus</span> <span class='ocrx_word' id='word_1_65' title='bbox 682 944 733 995; x_wconf 79' lang='grc'>439</span> <span class='ocrx_word' id='word_1_66' title='bbox 752 947 780 993; x_wconf 91' lang='lat' dir='ltr'>et</span> <span class='ocrx_word' id='word_1_67' title='bbox 798 945 849 994; x_wconf 73' lang='lat'>440</span> <span class='ocrx_word' id='word_1_68' title='bbox 867 941 953 996; x_wconf 92' lang='lat' dir='ltr'>locum</span> <span class='ocrx_word' id='word_1_69' title='bbox 972 942 1010 996; x_wconf 89' lang='lat' dir='ltr'>sic</span> <span class='ocrx_word' id='word_1_70' title='bbox 1028 944 1180 999; x_wconf 89' lang='lat' dir='ltr'>constituit:</span> 
     </span>
    </p>
   </div>
   <div class='ocr_carea' id='block_1_3' title="bbox 336 1040 1119 1281">
    <p class='ocr_par' dir='ltr' id='par_1_3' title="bbox 336 1040 1119 1281">
     <span class='ocr_line' id='line_1_8' title="bbox 336 1040 1092 1116; baseline 0.005 -23"><span class='ocrx_word' id='word_1_71' title='bbox 336 1040 451 1094; x_wconf 79' lang='grc' dir='ltr'><em>τοῦνεκα</em></span> <span class='ocrx_word' id='word_1_72' title='bbox 468 1042 511 1093; x_wconf 83' lang='grc' dir='ltr'>καλ</span> <span class='ocrx_word' id='word_1_73' title='bbox 527 1044 598 1105; x_wconf 75' lang='grc' dir='ltr'>μετὰ</span> <span class='ocrx_word' id='word_1_74' title='bbox 617 1044 707 1112; x_wconf 76' lang='grc' dir='ltr'><em>θῆρας</em></span> <span class='ocrx_word' id='word_1_75' title='bbox 725 1044 863 1108; x_wconf 78' lang='grc' dir='ltr'><strong><em>ἀλώμενος</em></strong></span> <span class='ocrx_word' id='word_1_76' title='bbox 880 1044 978 1098; x_wconf 79' lang='grc' dir='ltr'><em>οὔποτε</em></span> <span class='ocrx_word' id='word_1_77' title='bbox 997 1048 1092 1116; x_wconf 80' lang='grc' dir='ltr'><em>νόσφιν</em></span> 
     </span>
     <span class='ocr_line' id='line_1_9' title="bbox 336 1125 952 1195; baseline 0.006 -19"><span class='ocrx_word' id='word_1_78' title='bbox 336 1125 440 1195; x_wconf 72' lang='grc' dir='ltr'><em>αλζηοῖο</em></span> <span class='ocrx_word' id='word_1_79' title='bbox 458 1126 548 1178; x_wconf 86' lang='grc' dir='ltr'><em>πόθον</em></span> <span class='ocrx_word' id='word_1_80' title='bbox 569 1126 753 1195; x_wconf 67' lang='lat' dir='ltr'>cooperturae,</span> <span class='ocrx_word' id='word_1_81' title='bbox 774 1128 952 1192; x_wconf 74' lang='grc' dir='ltr'><strong><em>εὐπλοκάμοιο</em></strong></span> 
     </span>
     <span class='ocr_line' id='line_1_10' title="bbox 336 1208 1119 1281; baseline 0.009 -19"><span class='ocrx_word' id='word_1_82' title='bbox 336 1208 449 1262; x_wconf 67' lang='grc' dir='ltr'><em>ἔσθενεν</em></span> <span class='ocrx_word' id='word_1_83' title='bbox 469 1208 628 1281; x_wconf 72' lang='grc' dir='ltr'><em>Εόφόρβοιο</em></span> <span class='ocrx_word' id='word_1_84' title='bbox 646 1213 744 1280; x_wconf 81' lang='grc' dir='ltr'><em>φέρειν</em></span> <span class='ocrx_word' id='word_1_85' title='bbox 764 1252 788 1265; x_wconf 92' lang='grc'>..</span> <span class='ocrx_word' id='word_1_86' title='bbox 804 1250 830 1265; x_wconf 88' lang='grc'>..</span> <span class='ocrx_word' id='word_1_87' title='bbox 985 1223 1013 1268; x_wconf 85' lang='lat' dir='ltr'>et</span> <span class='ocrx_word' id='word_1_88' title='bbox 1031 1215 1119 1269; x_wconf 85' lang='lat' dir='ltr'>addit:</span> 
     </span>
    </p>
   </div>
   <div class='ocr_carea' id='block_1_4' title="bbox 119 1310 1294 2999">
    <p class='ocr_par' dir='ltr' id='par_1_4' title="bbox 119 1310 1294 2999">
     <span class='ocr_line' id='line_1_11' title="bbox 165 1310 1294 1385; baseline 0.009 -22"><span class='ocrx_word' id='word_1_89' title='bbox 165 1310 268 1379; x_wconf 69' lang='lat' dir='ltr'>»Quam</span> <span class='ocrx_word' id='word_1_90' title='bbox 285 1310 519 1379; x_wconf 73' lang='lat' dir='ltr'>transpositionem</span> <span class='ocrx_word' id='word_1_91' title='bbox 538 1319 569 1364; x_wconf 94' lang='lat' dir='ltr'>ut</span> <span class='ocrx_word' id='word_1_92' title='bbox 586 1312 736 1366; x_wconf 79' lang='lat' dir='ltr'>laciendum</span> <span class='ocrx_word' id='word_1_93' title='bbox 755 1313 904 1367; x_wconf 84' lang='lat' dir='ltr'>existimem</span> <span class='ocrx_word' id='word_1_94' title='bbox 925 1315 952 1368; x_wconf 94' lang='lat' dir='ltr'>id</span> <span class='ocrx_word' id='word_1_95' title='bbox 971 1316 1085 1368; x_wconf 84' lang='lat' dir='ltr'>maxime</span> <span class='ocrx_word' id='word_1_96' title='bbox 1102 1316 1167 1370; x_wconf 89' lang='lat' dir='ltr'>mihi</span> <span class='ocrx_word' id='word_1_97' title='bbox 1183 1334 1294 1385; x_wconf 86' lang='lat' dir='ltr'>persus·</span> 
     </span>
     <span class='ocr_line' id='line_1_12' title="bbox 163 1395 1293 1471; baseline 0.004 -20"><span class='ocrx_word' id='word_1_98' title='bbox 163 1396 219 1461; x_wconf 87' lang='lat' dir='ltr'>det,</span> <span class='ocrx_word' id='word_1_99' title='bbox 237 1395 311 1465; x_wconf 85' lang='lat' dir='ltr'>quod</span> <span class='ocrx_word' id='word_1_100' title='bbox 330 1412 424 1450; x_wconf 81' lang='lat' dir='ltr'>versus</span> <span class='ocrx_word' id='word_1_101' title='bbox 441 1400 492 1451; x_wconf 80' lang='grc'>433</span> <span class='ocrx_word' id='word_1_102' title='bbox 513 1398 606 1465; x_wconf 63' lang='lat' dir='ltr'>[vulgi</span> <span class='ocrx_word' id='word_1_103' title='bbox 627 1414 658 1452; x_wconf 92' lang='lat' dir='ltr'>eo</span> <span class='ocrx_word' id='word_1_104' title='bbox 678 1414 731 1466; x_wconf 92' lang='lat' dir='ltr'>quo</span> <span class='ocrx_word' id='word_1_105' title='bbox 744 1398 823 1467; x_wconf 79' lang='lat' dir='ltr'>strigo</span> <span class='ocrx_word' id='word_1_106' title='bbox 842 1406 883 1452; x_wconf 86' lang='lat' dir='ltr'>est</span> <span class='ocrx_word' id='word_1_107' title='bbox 901 1399 959 1454; x_wconf 91' lang='lat' dir='ltr'>loco</span> <span class='ocrx_word' id='word_1_108' title='bbox 978 1400 1088 1467; x_wconf 75' lang='lat' dir='ltr'>languet</span> <span class='ocrx_word' id='word_1_109' title='bbox 1108 1401 1145 1471; x_wconf 77' lang='lat' dir='ltr'>[i]</span> <span class='ocrx_word' id='word_1_110' title='bbox 1165 1409 1193 1455; x_wconf 91' lang='lat' dir='ltr'>et</span> <span class='ocrx_word' id='word_1_111' title='bbox 1210 1402 1293 1456; x_wconf 89' lang='lat' dir='ltr'>habet</span> 
     </span>
     <span class='ocr_line' id='line_1_13' title="bbox 161 1482 1292 1553; baseline 0.004 -16"><span class='ocrx_word' id='word_1_112' title='bbox 161 1483 253 1540; x_wconf 87' lang='lat' dir='ltr'>nascio</span> <span class='ocrx_word' id='word_1_113' title='bbox 272 1482 336 1553; x_wconf 87' lang='lat' dir='ltr'>quid</span> <span class='ocrx_word' id='word_1_114' title='bbox 355 1482 458 1543; x_wconf 89' lang='lat' dir='ltr'>clandi;</span> <span class='ocrx_word' id='word_1_115' title='bbox 482 1490 623 1550; x_wconf 86' lang='lat' dir='ltr'>praetcrea</span> <span class='ocrx_word' id='word_1_116' title='bbox 641 1484 679 1537; x_wconf 89' lang='lat' dir='ltr'>sic</span> <span class='ocrx_word' id='word_1_117' title='bbox 698 1484 806 1537; x_wconf 89' lang='lat' dir='ltr'>tandem</span> <span class='ocrx_word' id='word_1_118' title='bbox 825 1487 937 1552; x_wconf 73' lang='grc' dir='ltr'><em>φέρειν,</em></span> <span class='ocrx_word' id='word_1_119' title='bbox 955 1486 1077 1539; x_wconf 81' lang='lat' dir='ltr'>onanibus</span> <span class='ocrx_word' id='word_1_120' title='bbox 1096 1487 1171 1541; x_wconf 88' lang='lat' dir='ltr'>libris</span> <span class='ocrx_word' id='word_1_121' title='bbox 1189 1494 1292 1541; x_wconf 86' lang='lat' dir='ltr'>susten-</span> 
     </span>
     <span class='ocr_line' id='line_1_14' title="bbox 161 1568 1293 1637; baseline 0.002 -14"><span class='ocrx_word' id='word_1_122' title='bbox 161 1574 258 1635; x_wconf 78' lang='lat' dir='ltr'>tatum,</span> <span class='ocrx_word' id='word_1_123' title='bbox 275 1568 359 1623; x_wconf 88' lang='lat' dir='ltr'>habet</span> <span class='ocrx_word' id='word_1_124' title='bbox 378 1585 430 1637; x_wconf 90' lang='lat' dir='ltr'>quo</span> <span class='ocrx_word' id='word_1_125' title='bbox 448 1570 606 1622; x_wconf 74' lang='lat' dir='ltr'>reseratur«.</span> <span class='ocrx_word' id='word_1_126' title='bbox 642 1570 743 1623; x_wconf 82' lang='lat' dir='ltr'>Sedet</span> <span class='ocrx_word' id='word_1_127' title='bbox 761 1569 794 1623; x_wconf 89' lang='lat' dir='ltr'>dc</span> <span class='ocrx_word' id='word_1_128' title='bbox 813 1571 1020 1637; x_wconf 77' lang='lat' dir='ltr'>transpositione</span> <span class='ocrx_word' id='word_1_129' title='bbox 1039 1580 1152 1635; x_wconf 88' lang='lat' dir='ltr'>taceam,</span> <span class='ocrx_word' id='word_1_130' title='bbox 1172 1578 1293 1625; x_wconf 88' lang='lat' dir='ltr'>mutatur</span> 
     </span>
     <span class='ocr_line' id='line_1_15' title="bbox 119 1652 1291 1725; baseline 0.004 -20"><span class='ocrx_word' id='word_1_131' title='bbox 119 1656 123 1665; x_wconf 92' lang='grc'><strong>“</strong></span> <span class='ocrx_word' id='word_1_132' title='bbox 161 1652 267 1723; x_wconf 73' lang='grc' dir='ltr'><em>αλζηοῒο</em></span> <span class='ocrx_word' id='word_1_133' title='bbox 283 1652 383 1715; x_wconf 84' lang='grc' dir='ltr'><em>πόθον,</em></span> <span class='ocrx_word' id='word_1_134' title='bbox 403 1654 524 1708; x_wconf 91' lang='lat' dir='ltr'>omnibus</span> <span class='ocrx_word' id='word_1_135' title='bbox 536 1654 609 1707; x_wconf 87' lang='lat' dir='ltr'>libris</span> <span class='ocrx_word' id='word_1_136' title='bbox 623 1661 809 1715; x_wconf 88' lang='lat' dir='ltr'>sustentatum,</span> <span class='ocrx_word' id='word_1_137' title='bbox 829 1661 864 1715; x_wconf 88' lang='lat' dir='ltr'>et,</span> <span class='ocrx_word' id='word_1_138' title='bbox 888 1668 921 1707; x_wconf 90' lang='lat' dir='ltr'>nc</span> <span class='ocrx_word' id='word_1_139' title='bbox 940 1669 1033 1707; x_wconf 88' lang='lat' dir='ltr'>sensus</span> <span class='ocrx_word' id='word_1_140' title='bbox 1051 1663 1171 1719; x_wconf 85' lang='lat' dir='ltr'>corruat,</span> <span class='ocrx_word' id='word_1_141' title='bbox 1189 1657 1291 1725; x_wconf 88' lang='lat' dir='ltr'>respui·</span> 
     </span>
     <span class='ocr_line' id='line_1_16' title="bbox 162 1738 1291 1808; baseline 0.004 -19"><span class='ocrx_word' id='word_1_142' title='bbox 162 1746 206 1793; x_wconf 87' lang='lat' dir='ltr'>tur</span> <span class='ocrx_word' id='word_1_143' title='bbox 218 1738 360 1802; x_wconf 74' lang='grc' dir='ltr'>ἀλωμένου</span> <span class='ocrx_word' id='word_1_144' title='bbox 373 1740 406 1793; x_wconf 92' lang='lat' dir='ltr'>ab</span> <span class='ocrx_word' id='word_1_145' title='bbox 419 1740 526 1808; x_wconf 87' lang='lat' dir='ltr'>optimis</span> <span class='ocrx_word' id='word_1_146' title='bbox 538 1741 674 1794; x_wconf 81' lang='lat' dir='ltr'>codicibus</span> <span class='ocrx_word' id='word_1_147' title='bbox 688 1740 907 1794; x_wconf 86' lang='lat' dir='ltr'>commendatum.</span> <span class='ocrx_word' id='word_1_148' title='bbox 921 1770 954 1779; x_wconf 96' lang='lat'><em>-</em></span> <span class='ocrx_word' id='word_1_149' title='bbox 969 1740 1033 1791; x_wconf 83' lang='lat'>442</span> <span class='ocrx_word' id='word_1_150' title='bbox 1048 1742 1181 1793; x_wconf 88' lang='grc' dir='ltr'><em>λασσιίιισι</em></span> <span class='ocrx_word' id='word_1_151' title='bbox 1191 1742 1227 1807; x_wconf 85' lang='grc' dir='ltr'>Β;</span> <span class='ocrx_word' id='word_1_152' title='bbox 1247 1743 1291 1793; x_wconf 86' lang='grc' dir='ltr'>ἀν-</span> 
     </span>
     <span class='ocr_line' id='line_1_17' title="bbox 160 1824 1286 1897; baseline 0.002 -22"><span class='ocrx_word' id='word_1_153' title='bbox 160 1824 315 1878; x_wconf 78' lang='grc' dir='ltr'><strong><em>τιθέκοιοΡ</em></strong></span> <span class='ocrx_word' id='word_1_154' title='bbox 331 1824 359 1877; x_wconf 89' lang='lat' dir='ltr'>in</span> <span class='ocrx_word' id='word_1_155' title='bbox 372 1831 458 1890; x_wconf 85' lang='lat' dir='ltr'>textu,</span> <span class='ocrx_word' id='word_1_156' title='bbox 477 1825 547 1893; x_wconf 88' lang='lat' dir='ltr'>quod</span> <span class='ocrx_word' id='word_1_157' title='bbox 561 1832 710 1879; x_wconf 89' lang='lat' dir='ltr'>correctum</span> <span class='ocrx_word' id='word_1_158' title='bbox 729 1826 756 1877; x_wconf 91' lang='lat' dir='ltr'>in</span> <span class='ocrx_word' id='word_1_159' title='bbox 768 1842 851 1893; x_wconf 79' lang='lat' dir='ltr'>nrarg.</span> <span class='ocrx_word' id='word_1_160' title='bbox 860 1846 867 1885; x_wconf 89' lang='grc'><strong>;</strong></span> <span class='ocrx_word' id='word_1_161' title='bbox 887 1824 1031 1878; x_wconf 83' lang='grc' dir='ltr'><em>κόνεσοιΡ</em></span> <span class='ocrx_word' id='word_1_162' title='bbox 1049 1826 1112 1891; x_wconf 80' lang='lat' dir='ltr'>ail3</span> <span class='ocrx_word' id='word_1_163' title='bbox 1131 1827 1286 1897; x_wconf 74' lang='grc' dir='ltr'><em>καγχόλοιον</em></span> 
     </span>
     <span class='ocr_line' id='line_1_18' title="bbox 159 1908 1287 1981; baseline 0 -18"><span class='ocrx_word' id='word_1_164' title='bbox 159 1910 196 1977; x_wconf 86' lang='grc' dir='ltr'>Β;</span> <span class='ocrx_word' id='word_1_165' title='bbox 213 1909 372 1981; x_wconf 77' lang='grc' dir='ltr'><em>καγχαλόων</em></span> <span class='ocrx_word' id='word_1_166' title='bbox 392 1910 585 1978; x_wconf 85' lang='lat' dir='ltr'>ineptissimum</span> <span class='ocrx_word' id='word_1_167' title='bbox 603 1911 653 1964; x_wconf 89' lang='lat' dir='ltr'>hoc</span> <span class='ocrx_word' id='word_1_168' title='bbox 672 1910 730 1963; x_wconf 87' lang='lat' dir='ltr'>loco</span> <span class='ocrx_word' id='word_1_169' title='bbox 749 1926 807 1963; x_wconf 83' lang='lat' dir='ltr'>essa</span> <span class='ocrx_word' id='word_1_170' title='bbox 825 1916 915 1963; x_wconf 88' lang='lat' dir='ltr'>censet</span> <span class='ocrx_word' id='word_1_171' title='bbox 933 1908 1002 1963; x_wconf 86' lang='lat' dir='ltr'>Wiel</span> <span class='ocrx_word' id='word_1_172' title='bbox 1015 1926 1041 1976; x_wconf 92' lang='lat' dir='ltr'>p.</span> <span class='ocrx_word' id='word_1_173' title='bbox 1055 1914 1096 1976; x_wconf 75' lang='lat'>27,</span> <span class='ocrx_word' id='word_1_174' title='bbox 1117 1910 1196 1962; x_wconf 76' lang='lat' dir='ltr'>anihil</span> <span class='ocrx_word' id='word_1_175' title='bbox 1216 1910 1287 1963; x_wconf 88' lang='lat' dir='ltr'>enim</span> 
     </span>
     <span class='ocr_line' id='line_1_19' title="bbox 159 1994 1288 2062; baseline -0.002 -13"><span class='ocrx_word' id='word_1_176' title='bbox 159 1999 191 2049; x_wconf 88' lang='lat' dir='ltr'>ut</span> <span class='ocrx_word' id='word_1_177' title='bbox 208 1994 277 2049; x_wconf 84' lang='lat' dir='ltr'>alias</span> <span class='ocrx_word' id='word_1_178' title='bbox 294 2010 388 2049; x_wconf 87' lang='lat' dir='ltr'>causas</span> <span class='ocrx_word' id='word_1_179' title='bbox 400 2002 513 2062; x_wconf 86' lang='lat' dir='ltr'>taceam,</span> <span class='ocrx_word' id='word_1_180' title='bbox 529 2012 546 2049; x_wconf 87' lang='lat' dir='ltr'>a</span> <span class='ocrx_word' id='word_1_181' title='bbox 558 1994 679 2049; x_wconf 81' lang='lat' dir='ltr'>verrendo</span> <span class='ocrx_word' id='word_1_182' title='bbox 693 1995 804 2049; x_wconf 89' lang='lat' dir='ltr'>alieuius</span> <span class='ocrx_word' id='word_1_183' title='bbox 817 2010 896 2061; x_wconf 86' lang='lat' dir='ltr'>quam</span> <span class='ocrx_word' id='word_1_184' title='bbox 909 1996 1037 2061; x_wconf 87' lang='lat' dir='ltr'>strepitus</span> <span class='ocrx_word' id='word_1_185' title='bbox 1050 2000 1077 2048; x_wconf 87' lang='lat' dir='ltr'>ct</span> <span class='ocrx_word' id='word_1_186' title='bbox 1089 1994 1165 2047; x_wconf 89' lang='lat' dir='ltr'>risus.</span> <span class='ocrx_word' id='word_1_187' title='bbox 1191 1996 1288 2061; x_wconf 78' lang='lat' dir='ltr'>Quana-</span> 
     </span>
     <span class='ocr_line' id='line_1_20' title="bbox 158 2079 1287 2149; baseline 0 -16"><span class='ocrx_word' id='word_1_188' title='bbox 158 2094 241 2149; x_wconf 78' lang='lat' dir='ltr'>qnsm</span> <span class='ocrx_word' id='word_1_189' title='bbox 257 2079 303 2135; x_wconf 84' lang='lat' dir='ltr'>hic</span> <span class='ocrx_word' id='word_1_190' title='bbox 320 2080 444 2149; x_wconf 89' lang='lat' dir='ltr'>scriptor,</span> <span class='ocrx_word' id='word_1_191' title='bbox 464 2081 509 2148; x_wconf 92' lang='lat' dir='ltr'>qui</span> <span class='ocrx_word' id='word_1_192' title='bbox 527 2098 551 2134; x_wconf 89' lang='lat' dir='ltr'>v.</span> <span class='ocrx_word' id='word_1_193' title='bbox 573 2086 620 2135; x_wconf 83' lang='lat'>115</span> <span class='ocrx_word' id='word_1_194' title='bbox 639 2081 763 2149; x_wconf 89' lang='lat' dir='ltr'>perdices</span> <span class='ocrx_word' id='word_1_195' title='bbox 781 2080 869 2133; x_wconf 89' lang='lat' dir='ltr'>arbori</span> <span class='ocrx_word' id='word_1_196' title='bbox 889 2079 1034 2133; x_wconf 88' lang='lat' dir='ltr'>insidentes</span> <span class='ocrx_word' id='word_1_197' title='bbox 1053 2079 1126 2141; x_wconf 68' lang='lat' dir='ltr'>inicit,</span> <span class='ocrx_word' id='word_1_198' title='bbox 1151 2080 1190 2132; x_wconf 92' lang='lat' dir='ltr'>rei</span> <span class='ocrx_word' id='word_1_199' title='bbox 1208 2095 1287 2133; x_wconf 82' lang='lat' dir='ltr'>vcna-</span> 
     </span>
     <span class='ocr_line' id='line_1_21' title="bbox 157 2164 1287 2228; baseline 0.001 -11"><span class='ocrx_word' id='word_1_200' title='bbox 157 2164 230 2219; x_wconf 77' lang='lat' dir='ltr'>scae</span> <span class='ocrx_word' id='word_1_201' title='bbox 248 2164 355 2219; x_wconf 90' lang='lat' dir='ltr'>omnino</span> <span class='ocrx_word' id='word_1_202' title='bbox 373 2166 448 2219; x_wconf 92' lang='lat' dir='ltr'>rudis</span> <span class='ocrx_word' id='word_1_203' title='bbox 465 2166 548 2219; x_wconf 82' lang='lat' dir='ltr'>fuisso</span> <span class='ocrx_word' id='word_1_204' title='bbox 567 2166 681 2228; x_wconf 90' lang='lat' dir='ltr'>videtur,</span> <span class='ocrx_word' id='word_1_205' title='bbox 700 2173 788 2218; x_wconf 89' lang='lat' dir='ltr'>tamen</span> <span class='ocrx_word' id='word_1_206' title='bbox 807 2165 840 2217; x_wconf 91' lang='lat' dir='ltr'>ob</span> <span class='ocrx_word' id='word_1_207' title='bbox 854 2165 1007 2218; x_wconf 81' lang='lat' dir='ltr'>mutationis</span> <span class='ocrx_word' id='word_1_208' title='bbox 1026 2166 1163 2218; x_wconf 80' lang='lat' dir='ltr'>lenitatem</span> <span class='ocrx_word' id='word_1_209' title='bbox 1183 2173 1287 2219; x_wconf 89' lang='lat' dir='ltr'>senten-</span> 
     </span>
     <span class='ocr_line' id='line_1_22' title="bbox 157 2248 1287 2318; baseline -0.002 -13"><span class='ocrx_word' id='word_1_210' title='bbox 157 2248 279 2317; x_wconf 80' lang='lat' dir='ltr'>tiamque</span> <span class='ocrx_word' id='word_1_211' title='bbox 296 2249 348 2303; x_wconf 91' lang='lat' dir='ltr'>hoc</span> <span class='ocrx_word' id='word_1_212' title='bbox 366 2249 424 2305; x_wconf 90' lang='lat' dir='ltr'>loco</span> <span class='ocrx_word' id='word_1_213' title='bbox 443 2250 521 2303; x_wconf 89' lang='lat' dir='ltr'>unica</span> <span class='ocrx_word' id='word_1_214' title='bbox 540 2257 630 2318; x_wconf 87' lang='lat' dir='ltr'>aptam</span> <span class='ocrx_word' id='word_1_215' title='bbox 649 2250 792 2318; x_wconf 83' lang='lat' dir='ltr'>legendum</span> <span class='ocrx_word' id='word_1_216' title='bbox 811 2265 905 2303; x_wconf 87' lang='lat' dir='ltr'>censeo</span> <span class='ocrx_word' id='word_1_217' title='bbox 927 2249 1104 2315; x_wconf 70' lang='grc' dir='ltr'><em>παμοαλόιον.</em></span> <span class='ocrx_word' id='word_1_218' title='bbox 1125 2249 1179 2303; x_wconf 84' lang='lat' dir='ltr'>Cir.</span> <span class='ocrx_word' id='word_1_219' title='bbox 1199 2249 1287 2318; x_wconf 78' lang='lat' dir='ltr'>Apoll.</span> 
     </span>
     <span class='ocr_line' id='line_1_23' title="bbox 156 2334 1287 2403; baseline -0.002 -14"><span class='ocrx_word' id='word_1_220' title='bbox 156 2334 211 2389; x_wconf 85' lang='lat' dir='ltr'>Rh.</span> <span class='ocrx_word' id='word_1_221' title='bbox 227 2334 257 2387; x_wconf 89' lang='lat' dir='ltr'>ll</span> <span class='ocrx_word' id='word_1_222' title='bbox 276 2338 326 2391; x_wconf 73' lang='lat' dir='ltr'>lat</span> <span class='ocrx_word' id='word_1_223' title='bbox 355 2336 401 2389; x_wconf 91' lang='lat' dir='ltr'>ubi</span> <span class='ocrx_word' id='word_1_224' title='bbox 428 2335 461 2389; x_wconf 92' lang='lat' dir='ltr'>dc</span> <span class='ocrx_word' id='word_1_225' title='bbox 489 2336 558 2403; x_wconf 83' lang='lat' dir='ltr'>lupis</span> <span class='ocrx_word' id='word_1_226' title='bbox 585 2336 678 2389; x_wconf 90' lang='lat' dir='ltr'>ovibus</span> <span class='ocrx_word' id='word_1_227' title='bbox 706 2334 891 2388; x_wconf 84' lang='lat' dir='ltr'>insidiantibus</span> <span class='ocrx_word' id='word_1_228' title='bbox 919 2334 1000 2387; x_wconf 81' lang='grc' dir='ltr'><em>πόλλ’</em></span> <span class='ocrx_word' id='word_1_229' title='bbox 1027 2334 1287 2401; x_wconf 68' lang='grc' dir='ltr'><em>ἐπιπαμφαλόωντες</em></span> 
     </span>
     <span class='ocr_line' id='line_1_24' title="bbox 156 2418 1286 2490; baseline 0.001 -19"><span class='ocrx_word' id='word_1_230' title='bbox 156 2420 252 2483; x_wconf 67' lang='lat' dir='ltr'>danii«.</span> <span class='ocrx_word' id='word_1_231' title='bbox 281 2420 349 2474; x_wconf 85' lang='lat' dir='ltr'>Mihi</span> <span class='ocrx_word' id='word_1_232' title='bbox 368 2420 475 2490; x_wconf 86' lang='lat' dir='ltr'>quidem</span> <span class='ocrx_word' id='word_1_233' title='bbox 492 2422 561 2475; x_wconf 90' lang='lat' dir='ltr'>risus</span> <span class='ocrx_word' id='word_1_234' title='bbox 579 2420 622 2473; x_wconf 91' lang='lat' dir='ltr'>illc</span> <span class='ocrx_word' id='word_1_235' title='bbox 641 2435 771 2474; x_wconf 84' lang='lat' dir='ltr'>surrtmum</span> <span class='ocrx_word' id='word_1_236' title='bbox 789 2420 870 2473; x_wconf 90' lang='lat' dir='ltr'>animi</span> <span class='ocrx_word' id='word_1_237' title='bbox 889 2420 1014 2487; x_wconf 81' lang='lat' dir='ltr'>gaudium</span> <span class='ocrx_word' id='word_1_238' title='bbox 1035 2418 1180 2476; x_wconf 87' lang='lat' dir='ltr'>testificans</span> <span class='ocrx_word' id='word_1_239' title='bbox 1199 2434 1286 2487; x_wconf 83' lang='lat' dir='ltr'>nequa</span> 
     </span>
     <span class='ocr_line' id='line_1_25' title="bbox 160 2502 1286 2575; baseline -0.002 -18"><span class='ocrx_word' id='word_1_240' title='bbox 160 2502 254 2573; x_wconf 82' lang='lat' dir='ltr'>inepta</span> <span class='ocrx_word' id='word_1_241' title='bbox 265 2504 421 2575; x_wconf 81' lang='lat' dir='ltr'>Melanippo</span> <span class='ocrx_word' id='word_1_242' title='bbox 434 2507 515 2560; x_wconf 89' lang='lat' dir='ltr'>tribui</span> <span class='ocrx_word' id='word_1_243' title='bbox 527 2506 641 2573; x_wconf 86' lang='lat' dir='ltr'>videtur,</span> <span class='ocrx_word' id='word_1_244' title='bbox 653 2520 739 2572; x_wconf 90' lang='lat' dir='ltr'>neque</span> <span class='ocrx_word' id='word_1_245' title='bbox 752 2505 779 2558; x_wconf 94' lang='lat' dir='ltr'>in</span> <span class='ocrx_word' id='word_1_246' title='bbox 792 2505 863 2557; x_wconf 83' lang='lat' dir='ltr'>orrmi</span> <span class='ocrx_word' id='word_1_247' title='bbox 876 2504 1024 2557; x_wconf 85' lang='lat' dir='ltr'>venationis</span> <span class='ocrx_word' id='word_1_248' title='bbox 1039 2519 1137 2571; x_wconf 79' lang='lat' dir='ltr'>genere</span> <span class='ocrx_word' id='word_1_249' title='bbox 1150 2503 1286 2556; x_wconf 89' lang='lat' dir='ltr'>silentium</span> 
     </span>
     <span class='ocr_line' id='line_1_26' title="bbox 157 2587 1284 2658; baseline -0.004 -15"><span class='ocrx_word' id='word_1_250' title='bbox 157 2594 270 2643; x_wconf 84' lang='lat' dir='ltr'>teneant</span> <span class='ocrx_word' id='word_1_251' title='bbox 288 2598 428 2646; x_wconf 85' lang='lat' dir='ltr'>venatores</span> <span class='ocrx_word' id='word_1_252' title='bbox 444 2606 554 2645; x_wconf 87' lang='lat' dir='ltr'>neeesse</span> <span class='ocrx_word' id='word_1_253' title='bbox 572 2597 620 2644; x_wconf 90' lang='lat' dir='ltr'>cst.</span> <span class='ocrx_word' id='word_1_254' title='bbox 639 2621 673 2630; x_wconf 92' lang='lat'>-</span> <span class='ocrx_word' id='word_1_255' title='bbox 690 2591 801 2658; x_wconf 83' lang='grc' dir='ltr'><em>κοόροιο</em></span> <span class='ocrx_word' id='word_1_256' title='bbox 820 2590 1038 2657; x_wconf 78' lang='lat' dir='ltr'>perforarunt</span> <span class='ocrx_word' id='word_1_257' title='bbox 1057 2590 1137 2641; x_wconf 90' lang='lat' dir='ltr'>vertit</span> <span class='ocrx_word' id='word_1_258' title='bbox 1152 2587 1284 2641; x_wconf 64' lang='lat' dir='ltr'>Esethenb.</span> 
     </span>
     <span class='ocr_line' id='line_1_27' title="bbox 160 2674 1285 2744; baseline 0 -17"><span class='ocrx_word' id='word_1_259' title='bbox 160 2704 187 2715; x_wconf 94' lang='lat'>-</span> <span class='ocrx_word' id='word_1_260' title='bbox 208 2676 273 2727; x_wconf 89' lang='lat'>444</span> <span class='ocrx_word' id='word_1_261' title='bbox 291 2676 511 2744; x_wconf 63' lang='lat' dir='ltr'>§reparabiles</span> <span class='ocrx_word' id='word_1_262' title='bbox 531 2675 598 2729; x_wconf 86' lang='lat' dir='ltr'>coni.</span> <span class='ocrx_word' id='word_1_263' title='bbox 611 2674 683 2728; x_wconf 90' lang='lat' dir='ltr'>Wiel</span> <span class='ocrx_word' id='word_1_264' title='bbox 694 2692 720 2743; x_wconf 89' lang='lat' dir='ltr'>p.</span> <span class='ocrx_word' id='word_1_265' title='bbox 733 2680 758 2738; x_wconf 85' lang='lat' dir='ltr'>d,</span> <span class='ocrx_word' id='word_1_266' title='bbox 777 2675 822 2727; x_wconf 90' lang='lat' dir='ltr'>ubi</span> <span class='ocrx_word' id='word_1_267' title='bbox 842 2688 979 2728; x_wconf 85' lang='lat' dir='ltr'>caesuram</span> <span class='ocrx_word' id='word_1_268' title='bbox 998 2674 1161 2727; x_wconf 84' lang='lat' dir='ltr'>trochaicam</span> <span class='ocrx_word' id='word_1_269' title='bbox 1173 2690 1190 2726; x_wconf 90' lang='lat' dir='ltr'>a</span> <span class='ocrx_word' id='word_1_270' title='bbox 1202 2680 1285 2741; x_wconf 90' lang='lat' dir='ltr'>poeta</span> 
     </span>
     <span class='ocr_line' id='line_1_28' title="bbox 155 2757 1284 2829; baseline -0.004 -14"><span class='ocrx_word' id='word_1_271' title='bbox 155 2760 307 2829; x_wconf 84' lang='lat' dir='ltr'>praelatam</span> <span class='ocrx_word' id='word_1_272' title='bbox 319 2776 376 2815; x_wconf 88' lang='lat' dir='ltr'>esse</span> <span class='ocrx_word' id='word_1_273' title='bbox 389 2759 562 2815; x_wconf 86' lang='lat' dir='ltr'>demonstrat.</span> <span class='ocrx_word' id='word_1_274' title='bbox 592 2760 643 2813; x_wconf 83' lang='lat' dir='ltr'>Sed</span> <span class='ocrx_word' id='word_1_275' title='bbox 657 2762 704 2814; x_wconf 85' lang='lat' dir='ltr'>cfr.</span> <span class='ocrx_word' id='word_1_276' title='bbox 718 2759 752 2813; x_wconf 87' lang='lat' dir='ltr'>ad</span> <span class='ocrx_word' id='word_1_277' title='bbox 769 2776 793 2812; x_wconf 85' lang='lat' dir='ltr'>v.</span> <span class='ocrx_word' id='word_1_278' title='bbox 812 2762 865 2815; x_wconf 80' lang='lat'>178.</span> <span class='ocrx_word' id='word_1_279' title='bbox 884 2790 908 2799; x_wconf 89' lang='lat'>-</span> <span class='ocrx_word' id='word_1_280' title='bbox 923 2759 1028 2826; x_wconf 80' lang='grc' dir='ltr'><strong><em>ἑτέροις</em></strong></span> <span class='ocrx_word' id='word_1_281' title='bbox 1040 2758 1077 2824; x_wconf 86' lang='grc' dir='ltr'>Β;</span> <span class='ocrx_word' id='word_1_282' title='bbox 1094 2759 1126 2809; x_wconf 84' lang='grc' dir='ltr'>τέ</span> <span class='ocrx_word' id='word_1_283' title='bbox 1143 2775 1187 2821; x_wconf 86' lang='grc' dir='ltr'>μιν</span> <span class='ocrx_word' id='word_1_284' title='bbox 1206 2757 1284 2812; x_wconf 92' lang='lat' dir='ltr'>codd.</span> 
     </span>
     <span class='ocr_line' id='line_1_29' title="bbox 155 2843 1285 2915; baseline -0.002 -16"><span class='ocrx_word' id='word_1_285' title='bbox 155 2850 185 2899; x_wconf 89' lang='lat' dir='ltr'>st</span> <span class='ocrx_word' id='word_1_286' title='bbox 202 2844 263 2900; x_wconf 86' lang='lat' dir='ltr'>edd.</span> <span class='ocrx_word' id='word_1_287' title='bbox 282 2852 344 2899; x_wconf 89' lang='lat' dir='ltr'>ante</span> <span class='ocrx_word' id='word_1_288' title='bbox 362 2846 469 2913; x_wconf 86' lang='lat' dir='ltr'>Herm,</span> <span class='ocrx_word' id='word_1_289' title='bbox 488 2846 533 2915; x_wconf 87' lang='lat' dir='ltr'>qui</span> <span class='ocrx_word' id='word_1_290' title='bbox 552 2847 577 2897; x_wconf 85' lang='lat' dir='ltr'>oi</span> <span class='ocrx_word' id='word_1_291' title='bbox 595 2860 645 2913; x_wconf 92' lang='lat' dir='ltr'>pro</span> <span class='ocrx_word' id='word_1_292' title='bbox 662 2864 706 2909; x_wconf 75' lang='grc' dir='ltr'>μιν</span> <span class='ocrx_word' id='word_1_293' title='bbox 725 2845 846 2913; x_wconf 88' lang='lat' dir='ltr'>scripsit,</span> <span class='ocrx_word' id='word_1_294' title='bbox 871 2851 959 2906; x_wconf 85' lang='lat' dir='ltr'>recte,</span> <span class='ocrx_word' id='word_1_295' title='bbox 983 2850 1062 2911; x_wconf 91' lang='lat' dir='ltr'>puto,</span> <span class='ocrx_word' id='word_1_296' title='bbox 1086 2843 1149 2897; x_wconf 89' lang='lat' dir='ltr'>licet</span> <span class='ocrx_word' id='word_1_297' title='bbox 1167 2850 1195 2897; x_wconf 88' lang='lat' dir='ltr'>et</span> <span class='ocrx_word' id='word_1_298' title='bbox 1212 2843 1285 2912; x_wconf 88' lang='lat' dir='ltr'>apud</span> 
     </span>
     <span class='ocr_line' id='line_1_30' title="bbox 153 2928 1283 2999; baseline -0.001 -14"><span class='ocrx_word' id='word_1_299' title='bbox 153 2928 302 2985; x_wconf 87' lang='lat' dir='ltr'>Pindarum</span> <span class='ocrx_word' id='word_1_300' title='bbox 320 2936 348 2984; x_wconf 90' lang='lat' dir='ltr'>et</span> <span class='ocrx_word' id='word_1_301' title='bbox 366 2930 438 2999; x_wconf 85' lang='lat' dir='ltr'>apud</span> <span class='ocrx_word' id='word_1_302' title='bbox 452 2930 601 2984; x_wconf 86' lang='lat' dir='ltr'>Lucianum</span> <span class='ocrx_word' id='word_1_303' title='bbox 619 2930 715 2993; x_wconf 80' lang='grc' dir='ltr'><strong><em>ἕπομαι</em></strong></span> <span class='ocrx_word' id='word_1_304' title='bbox 733 2930 885 2984; x_wconf 87' lang='lat' dir='ltr'>accusativo</span> <span class='ocrx_word' id='word_1_305' title='bbox 901 2944 965 2982; x_wconf 88' lang='lat' dir='ltr'>casu</span> <span class='ocrx_word' id='word_1_306' title='bbox 977 2930 1147 2983; x_wconf 89' lang='lat' dir='ltr'>coniunctum</span> <span class='ocrx_word' id='word_1_307' title='bbox 1165 2930 1283 2984; x_wconf 86' lang='lat' dir='ltr'>invenia-</span> 
     </span>
    </p>
   </div>
   <div class='ocr_carea' id='block_1_5' title="bbox 148 3014 1284 4137">
    <p class='ocr_par' dir='ltr' id='par_1_5' title="bbox 148 3014 1284 4137">
     <span class='ocr_line' id='line_1_31' title="bbox 153 3014 1284 3116; baseline -0.003 -11"><span class='ocrx_word' id='word_1_308' title='bbox 153 3056 209 3105; x_wconf 71' lang='lat' dir='ltr'>tur.</span> <span class='ocrx_word' id='word_1_309' title='bbox 225 3080 262 3091; x_wconf 92' lang='lat'><em>-</em></span> <span class='ocrx_word' id='word_1_310' title='bbox 279 3047 337 3110; x_wconf 77' lang='lat' dir='ltr'>aloc</span> <span class='ocrx_word' id='word_1_311' title='bbox 354 3050 377 3103; x_wconf 93' lang='lat' dir='ltr'><strong>B</strong></span> <span class='ocrx_word' id='word_1_312' title='bbox 396 3050 452 3103; x_wconf 84' lang='lat' dir='ltr'>aii.</span> <span class='ocrx_word' id='word_1_313' title='bbox 470 3081 505 3091; x_wconf 98' lang='lat'><strong>—</strong></span> <span class='ocrx_word' id='word_1_314' title='bbox 522 3051 586 3101; x_wconf 79' lang='lat'>445</span> <span class='ocrx_word' id='word_1_315' title='bbox 605 3014 755 3113; x_wconf 70' lang='grc' dir='ltr'><em>μενεαίνιόν</em></span> <span class='ocrx_word' id='word_1_316' title='bbox 774 3050 815 3116; x_wconf 78' lang='lat' dir='ltr'>V3</span> <span class='ocrx_word' id='word_1_317' title='bbox 835 3048 965 3116; x_wconf 87' lang='grc' dir='ltr'><em>ἐρόσσειν</em></span> <span class='ocrx_word' id='word_1_318' title='bbox 985 3047 1060 3101; x_wconf 85' lang='lat' dir='ltr'>codd.</span> <span class='ocrx_word' id='word_1_319' title='bbox 1079 3052 1199 3115; x_wconf 84' lang='lat' dir='ltr'>(praeter</span> <span class='ocrx_word' id='word_1_320' title='bbox 1216 3047 1238 3099; x_wconf 91' lang='grc' dir='ltr'><strong>Β</strong></span> <span class='ocrx_word' id='word_1_321' title='bbox 1256 3048 1284 3102; x_wconf 85' lang='lat' dir='ltr'>in</span> 
     </span>
     <span class='ocr_line' id='line_1_32' title="bbox 153 3132 1282 3204; baseline -0.003 -16"><span class='ocrx_word' id='word_1_322' title='bbox 153 3148 210 3203; x_wconf 77' lang='lat' dir='ltr'>qno</span> <span class='ocrx_word' id='word_1_323' title='bbox 228 3133 358 3202; x_wconf 81' lang='grc' dir='ltr'><em>όρόσσειν</em></span> <span class='ocrx_word' id='word_1_324' title='bbox 378 3138 430 3204; x_wconf 86' lang='lat' dir='ltr'>est)</span> <span class='ocrx_word' id='word_1_325' title='bbox 449 3143 476 3189; x_wconf 89' lang='lat' dir='ltr'>et</span> <span class='ocrx_word' id='word_1_326' title='bbox 495 3135 554 3189; x_wconf 88' lang='lat' dir='ltr'>edd.</span> <span class='ocrx_word' id='word_1_327' title='bbox 572 3145 635 3189; x_wconf 88' lang='lat' dir='ltr'>ante</span> <span class='ocrx_word' id='word_1_328' title='bbox 655 3137 761 3197; x_wconf 87' lang='lat' dir='ltr'>Herm.,·</span> <span class='ocrx_word' id='word_1_329' title='bbox 780 3135 876 3203; x_wconf 78' lang='grc' dir='ltr'><em>ἐρόξαι</em></span> <span class='ocrx_word' id='word_1_330' title='bbox 894 3135 936 3188; x_wconf 82' lang='lat' dir='ltr'>vel</span> <span class='ocrx_word' id='word_1_331' title='bbox 955 3132 1061 3201; x_wconf 78' lang='grc' dir='ltr'><em>ἐοόιειν</em></span> <span class='ocrx_word' id='word_1_332' title='bbox 1082 3134 1150 3187; x_wconf 91' lang='lat' dir='ltr'>coni.</span> <span class='ocrx_word' id='word_1_333' title='bbox 1169 3133 1282 3201; x_wconf 78' lang='lat' dir='ltr'>Musgr,</span> 
     </span>
     <span class='ocr_line' id='line_1_33' title="bbox 155 3218 1282 3288; baseline -0.002 -15"><span class='ocrx_word' id='word_1_334' title='bbox 155 3234 271 3288; x_wconf 86' lang='lat' dir='ltr'>quorum</span> <span class='ocrx_word' id='word_1_335' title='bbox 288 3220 423 3287; x_wconf 84' lang='lat' dir='ltr'>posterius</span> <span class='ocrx_word' id='word_1_336' title='bbox 440 3220 544 3288; x_wconf 88' lang='lat' dir='ltr'>recepit</span> <span class='ocrx_word' id='word_1_337' title='bbox 558 3220 649 3274; x_wconf 88' lang='lat' dir='ltr'>Herm.</span> <span class='ocrx_word' id='word_1_338' title='bbox 666 3250 700 3259; x_wconf 95' lang='lat'><em>-</em></span> <span class='ocrx_word' id='word_1_339' title='bbox 717 3221 782 3272; x_wconf 81' lang='lat'>447</span> <span class='ocrx_word' id='word_1_340' title='bbox 800 3238 844 3284; x_wconf 75' lang='grc' dir='ltr'>μιν</span> <span class='ocrx_word' id='word_1_341' title='bbox 864 3218 939 3273; x_wconf 89' lang='lat' dir='ltr'>codd.</span> <span class='ocrx_word' id='word_1_342' title='bbox 953 3229 980 3271; x_wconf 89' lang='lat' dir='ltr'>at</span> <span class='ocrx_word' id='word_1_343' title='bbox 995 3220 1064 3281; x_wconf 76' lang='lat' dir='ltr'>edd„</span> <span class='ocrx_word' id='word_1_344' title='bbox 1083 3218 1154 3287; x_wconf 74' lang='lat' dir='ltr'>‹puod</span> <span class='ocrx_word' id='word_1_345' title='bbox 1172 3218 1282 3285; x_wconf 73' lang='lat' dir='ltr'>retinui,</span> 
     </span>
     <span class='ocr_line' id='line_1_34' title="bbox 151 3302 1282 3375; baseline 0.002 -20"><span class='ocrx_word' id='word_1_346' title='bbox 151 3319 201 3355; x_wconf 74' lang='grc' dir='ltr'>κεν</span> <span class='ocrx_word' id='word_1_347' title='bbox 218 3302 310 3357; x_wconf 83' lang='lat' dir='ltr'>Herm.</span> <span class='ocrx_word' id='word_1_348' title='bbox 336 3304 380 3359; x_wconf 73' lang='lat' dir='ltr'>»si</span> <span class='ocrx_word' id='word_1_349' title='bbox 398 3304 461 3374; x_wconf 90' lang='lat' dir='ltr'>quid</span> <span class='ocrx_word' id='word_1_350' title='bbox 480 3321 495 3359; x_wconf 88' lang='lat' dir='ltr'>a</span> <span class='ocrx_word' id='word_1_351' title='bbox 513 3322 537 3357; x_wconf 84' lang='grc' dir='ltr'><strong><em>ι.</em></strong></span> <span class='ocrx_word' id='word_1_352' title='bbox 555 3308 606 3359; x_wconf 86' lang='grc'>439</span> <span class='ocrx_word' id='word_1_353' title='bbox 627 3305 721 3375; x_wconf 58' lang='lat' dir='ltr'>[vulgi</span> <span class='ocrx_word' id='word_1_354' title='bbox 747 3303 922 3372; x_wconf 89' lang='lat' dir='ltr'>repetendum</span> <span class='ocrx_word' id='word_1_355' title='bbox 947 3312 1017 3370; x_wconf 88' lang='lat' dir='ltr'>erat,</span> <span class='ocrx_word' id='word_1_356' title='bbox 1042 3304 1087 3355; x_wconf 80' lang='grc' dir='ltr'><strong><em>ιιὲν</em></strong></span> <span class='ocrx_word' id='word_1_357' title='bbox 1106 3302 1206 3370; x_wconf 89' lang='lat' dir='ltr'>repeti,</span> <span class='ocrx_word' id='word_1_358' title='bbox 1229 3318 1282 3357; x_wconf 92' lang='lat' dir='ltr'>non</span> 
     </span>
     <span class='ocr_line' id='line_1_35' title="bbox 150 3384 1282 3455; baseline 0.001 -17"><span class='ocrx_word' id='word_1_359' title='bbox 150 3384 200 3451; x_wconf 81' lang='grc' dir='ltr'>μλν</span> <span class='ocrx_word' id='word_1_360' title='bbox 217 3385 318 3441; x_wconf 88' lang='lat' dir='ltr'>debuit.</span> <span class='ocrx_word' id='word_1_361' title='bbox 354 3388 447 3443; x_wconf 89' lang='lat' dir='ltr'>Utitur</span> <span class='ocrx_word' id='word_1_362' title='bbox 465 3394 556 3441; x_wconf 89' lang='lat' dir='ltr'>autem</span> <span class='ocrx_word' id='word_1_363' title='bbox 574 3388 619 3442; x_wconf 94' lang='lat' dir='ltr'>illo</span> <span class='ocrx_word' id='word_1_364' title='bbox 637 3390 683 3440; x_wconf 83' lang='grc' dir='ltr'>ιιὲν</span> <span class='ocrx_word' id='word_1_365' title='bbox 703 3390 749 3455; x_wconf 89' lang='lat' dir='ltr'>sic,</span> <span class='ocrx_word' id='word_1_366' title='bbox 768 3395 798 3441; x_wconf 91' lang='lat' dir='ltr'>ut</span> <span class='ocrx_word' id='word_1_367' title='bbox 816 3403 898 3455; x_wconf 90' lang='lat' dir='ltr'>supra</span> <span class='ocrx_word' id='word_1_368' title='bbox 917 3388 1046 3441; x_wconf 90' lang='lat' dir='ltr'>monitum</span> <span class='ocrx_word' id='word_1_369' title='bbox 1064 3387 1098 3441; x_wconf 91' lang='lat' dir='ltr'>ad</span> <span class='ocrx_word' id='word_1_370' title='bbox 1116 3403 1140 3440; x_wconf 78' lang='lat' dir='ltr'>v.</span> <span class='ocrx_word' id='word_1_371' title='bbox 1156 3391 1229 3440; x_wconf 71' lang='lat'>110«.</span> <span class='ocrx_word' id='word_1_372' title='bbox 1248 3418 1282 3429; x_wconf 80' lang='lat'>—</span> 
     </span>
     <span class='ocr_line' id='line_1_36' title="bbox 151 3470 1282 3542; baseline 0.003 -21"><span class='ocrx_word' id='word_1_373' title='bbox 151 3470 286 3542; x_wconf 75' lang='grc' dir='ltr'><em>ἐρήπιοεν</em></span> <span class='ocrx_word' id='word_1_374' title='bbox 304 3472 336 3525; x_wconf 85' lang='grc' dir='ltr'>Β.</span> <span class='ocrx_word' id='word_1_375' title='bbox 359 3504 393 3513; x_wconf 96' lang='grc'><strong>-</strong></span> <span class='ocrx_word' id='word_1_376' title='bbox 417 3474 481 3525; x_wconf 88' lang='lat'>448</span> <span class='ocrx_word' id='word_1_377' title='bbox 500 3474 624 3525; x_wconf 82' lang='grc' dir='ltr'><em>πείθετο·</em></span> <span class='ocrx_word' id='word_1_378' title='bbox 643 3474 681 3533; x_wconf 81' lang='grc' dir='ltr'>τίς</span> <span class='ocrx_word' id='word_1_379' title='bbox 700 3474 726 3524; x_wconf 79' lang='grc' dir='ltr'>κ’</span> <span class='ocrx_word' id='word_1_380' title='bbox 745 3473 877 3525; x_wconf 83' lang='grc' dir='ltr'><em>ἐθέλεσκε</em></span> <span class='ocrx_word' id='word_1_381' title='bbox 896 3472 958 3524; x_wconf 84' lang='grc' dir='ltr'><em>τότ’</em></span> <span class='ocrx_word' id='word_1_382' title='bbox 979 3470 1136 3539; x_wconf 72' lang='grc' dir='ltr'><em>Εὐφόρβοιο</em></span> <span class='ocrx_word' id='word_1_383' title='bbox 1154 3472 1282 3525; x_wconf 87' lang='grc' dir='ltr'>λιπέσθαι</span> 
     </span>
     <span class='ocr_line' id='line_1_37' title="bbox 150 3554 1282 3625; baseline -0.001 -14"><span class='ocrx_word' id='word_1_384' title='bbox 150 3554 230 3611; x_wconf 81' lang='lat' dir='ltr'>cedd.</span> <span class='ocrx_word' id='word_1_385' title='bbox 248 3562 277 3611; x_wconf 85' lang='lat' dir='ltr'>ct</span> <span class='ocrx_word' id='word_1_386' title='bbox 295 3556 355 3611; x_wconf 89' lang='lat' dir='ltr'>cdd.</span> <span class='ocrx_word' id='word_1_387' title='bbox 373 3564 438 3611; x_wconf 89' lang='lat' dir='ltr'>anto</span> <span class='ocrx_word' id='word_1_388' title='bbox 457 3558 562 3623; x_wconf 88' lang='lat' dir='ltr'>Herm,</span> <span class='ocrx_word' id='word_1_389' title='bbox 587 3558 638 3611; x_wconf 86' lang='lat' dir='ltr'>nisi</span> <span class='ocrx_word' id='word_1_390' title='bbox 657 3558 728 3625; x_wconf 90' lang='lat' dir='ltr'>quod</span> <span class='ocrx_word' id='word_1_391' title='bbox 747 3557 879 3624; x_wconf 68' lang='grc' dir='ltr'><em>ἐφόρβοιο</em></span> <span class='ocrx_word' id='word_1_392' title='bbox 897 3558 930 3623; x_wconf 85' lang='lat' dir='ltr'>V,</span> <span class='ocrx_word' id='word_1_393' title='bbox 949 3557 1078 3609; x_wconf 73' lang='grc' dir='ltr'><em>λέπεσθαι</em></span> <span class='ocrx_word' id='word_1_394' title='bbox 1096 3557 1165 3609; x_wconf 88' lang='grc' dir='ltr'>ΒΜ.</span> <span class='ocrx_word' id='word_1_395' title='bbox 1203 3556 1282 3611; x_wconf 79' lang='lat' dir='ltr'>»Vul-</span> 
     </span>
     <span class='ocr_line' id='line_1_38' title="bbox 150 3640 1281 3711; baseline 0 -17"><span class='ocrx_word' id='word_1_396' title='bbox 150 3644 218 3709; x_wconf 64' lang='lat' dir='ltr'>gata</span> <span class='ocrx_word' id='word_1_397' title='bbox 234 3640 315 3695; x_wconf 85' lang='lat' dir='ltr'>lectio</span> <span class='ocrx_word' id='word_1_398' title='bbox 334 3648 389 3696; x_wconf 87' lang='lat' dir='ltr'>tam</span> <span class='ocrx_word' id='word_1_399' title='bbox 407 3648 449 3696; x_wconf 88' lang='lat' dir='ltr'>cst</span> <span class='ocrx_word' id='word_1_400' title='bbox 464 3643 563 3711; x_wconf 89' lang='lat' dir='ltr'>inepta,</span> <span class='ocrx_word' id='word_1_401' title='bbox 581 3648 612 3695; x_wconf 91' lang='lat' dir='ltr'>ut</span> <span class='ocrx_word' id='word_1_402' title='bbox 630 3643 711 3695; x_wconf 92' lang='lat' dir='ltr'>mirer</span> <span class='ocrx_word' id='word_1_403' title='bbox 728 3641 866 3709; x_wconf 85' lang='lat' dir='ltr'>hucusque</span> <span class='ocrx_word' id='word_1_404' title='bbox 879 3648 1021 3703; x_wconf 88' lang='lat' dir='ltr'>servatam,</span> <span class='ocrx_word' id='word_1_405' title='bbox 1040 3648 1114 3694; x_wconf 87' lang='lat' dir='ltr'>certe</span> <span class='ocrx_word' id='word_1_406' title='bbox 1132 3640 1281 3710; x_wconf 88' lang='lat' dir='ltr'>toleratam,</span> 
     </span>
     <span class='ocr_line' id='line_1_39' title="bbox 149 3723 1280 3795; baseline -0.002 -14"><span class='ocrx_word' id='word_1_407' title='bbox 149 3725 244 3781; x_wconf 81' lang='lat' dir='ltr'>ariris</span> <span class='ocrx_word' id='word_1_408' title='bbox 262 3724 349 3781; x_wconf 79' lang='lat' dir='ltr'>docds</span> <span class='ocrx_word' id='word_1_409' title='bbox 368 3726 457 3780; x_wconf 85' lang='lat' dir='ltr'>inisse.</span> <span class='ocrx_word' id='word_1_410' title='bbox 488 3726 568 3780; x_wconf 81' lang='lat' dir='ltr'>Certa</span> <span class='ocrx_word' id='word_1_411' title='bbox 587 3735 627 3781; x_wconf 84' lang='lat' dir='ltr'>sat</span> <span class='ocrx_word' id='word_1_412' title='bbox 645 3743 725 3795; x_wconf 91' lang='lat' dir='ltr'>quam</span> <span class='ocrx_word' id='word_1_413' title='bbox 740 3727 839 3795; x_wconf 84' lang='lat' dir='ltr'>recepi,</span> <span class='ocrx_word' id='word_1_414' title='bbox 859 3726 1010 3779; x_wconf 85' lang='lat' dir='ltr'>enrendatio</span> <span class='ocrx_word' id='word_1_415' title='bbox 1028 3735 1127 3781; x_wconf 89' lang='lat' dir='ltr'>nostra.</span> <span class='ocrx_word' id='word_1_416' title='bbox 1143 3723 1214 3778; x_wconf 75' lang='grc' dir='ltr'><em>Ἐπεὶ</em></span> <span class='ocrx_word' id='word_1_417' title='bbox 1233 3728 1280 3779; x_wconf 79' lang='grc' dir='ltr'>οὐκ</span> 
     </span>
     <span class='ocr_line' id='line_1_40' title="bbox 151 3810 1280 3879; baseline 0.002 -14"><span class='ocrx_word' id='word_1_418' title='bbox 151 3810 361 3865; x_wconf 72' lang='lat' dir='ltr'>manutentor:</span> <span class='ocrx_word' id='word_1_419' title='bbox 389 3828 413 3864; x_wconf 86' lang='lat' dir='ltr'>v.</span> <span class='ocrx_word' id='word_1_420' title='bbox 432 3810 538 3865; x_wconf 85' lang='lat' dir='ltr'>Canter.</span> <span class='ocrx_word' id='word_1_421' title='bbox 556 3811 591 3865; x_wconf 93' lang='lat' dir='ltr'>ad</span> <span class='ocrx_word' id='word_1_422' title='bbox 609 3812 689 3879; x_wconf 88' lang='lat' dir='ltr'>Soph.</span> <span class='ocrx_word' id='word_1_423' title='bbox 709 3811 849 3865; x_wconf 87' lang='lat' dir='ltr'>Philoctet.</span> <span class='ocrx_word' id='word_1_424' title='bbox 886 3811 962 3865; x_wconf 84' lang='lat' dir='ltr'>Adde</span> <span class='ocrx_word' id='word_1_425' title='bbox 981 3810 1088 3864; x_wconf 89' lang='lat' dir='ltr'>llesiod.</span> <span class='ocrx_word' id='word_1_426' title='bbox 1108 3812 1179 3867; x_wconf 88' lang='lat' dir='ltr'>Scut.</span> <span class='ocrx_word' id='word_1_427' title='bbox 1201 3813 1280 3867; x_wconf 87' lang='lat' dir='ltr'>llere.</span> 
     </span>
     <span class='ocr_line' id='line_1_41' title="bbox 149 3894 1281 3954; baseline 0.002 -3"><span class='ocrx_word' id='word_1_428' title='bbox 149 3898 210 3953; x_wconf 77' lang='lat' dir='ltr'>sta.</span> <span class='ocrx_word' id='word_1_429' title='bbox 240 3894 371 3951; x_wconf 83' lang='lat' dir='ltr'>Similiter</span> <span class='ocrx_word' id='word_1_430' title='bbox 383 3895 414 3949; x_wconf 91' lang='lat' dir='ltr'>ll.</span> <span class='ocrx_word' id='word_1_431' title='bbox 428 3894 479 3947; x_wconf 84' lang='lat' dir='ltr'>Vll</span> <span class='ocrx_word' id='word_1_432' title='bbox 499 3899 556 3950; x_wconf 79' lang='lat'>31«.</span> <span class='ocrx_word' id='word_1_433' title='bbox 574 3896 682 3949; x_wconf 88' lang='lat' dir='ltr'>Herm.</span> <span class='ocrx_word' id='word_1_434' title='bbox 705 3896 747 3949; x_wconf 87' lang='lat' dir='ltr'>cui</span> <span class='ocrx_word' id='word_1_435' title='bbox 766 3896 920 3949; x_wconf 86' lang='lat' dir='ltr'>dubitanter</span> <span class='ocrx_word' id='word_1_436' title='bbox 938 3894 1081 3950; x_wconf 87' lang='lat' dir='ltr'>obsecutus</span> <span class='ocrx_word' id='word_1_437' title='bbox 1099 3911 1165 3950; x_wconf 90' lang='lat' dir='ltr'>sum.</span> <span class='ocrx_word' id='word_1_438' title='bbox 1195 3898 1281 3954; x_wconf 82' lang='lat' dir='ltr'>Nimis</span> 
     </span>
     <span class='ocr_line' id='line_1_42' title="bbox 149 3979 1281 4048; baseline 0.001 -13"><span class='ocrx_word' id='word_1_439' title='bbox 149 3980 307 4039; x_wconf 67' lang='lat' dir='ltr'>amastrae</span> <span class='ocrx_word' id='word_1_440' title='bbox 324 3981 382 4048; x_wconf 84' lang='lat' dir='ltr'>ipsc</span> <span class='ocrx_word' id='word_1_441' title='bbox 402 3980 464 4033; x_wconf 86' lang='lat' dir='ltr'>olim</span> <span class='ocrx_word' id='word_1_442' title='bbox 487 3982 613 4033; x_wconf 85' lang='grc' dir='ltr'><em>πείθετο·</em></span> <span class='ocrx_word' id='word_1_443' title='bbox 633 3981 673 4040; x_wconf 85' lang='grc' dir='ltr'>τίς</span> <span class='ocrx_word' id='word_1_444' title='bbox 689 3981 715 4032; x_wconf 84' lang='grc' dir='ltr'>δ’</span> <span class='ocrx_word' id='word_1_445' title='bbox 734 3981 863 4032; x_wconf 75' lang='grc' dir='ltr'><em>ἐθέλεσκε</em></span> <span class='ocrx_word' id='word_1_446' title='bbox 880 3982 942 4032; x_wconf 79' lang='grc' dir='ltr'><em>ποτ’</em></span> <span class='ocrx_word' id='word_1_447' title='bbox 961 3979 1119 4048; x_wconf 78' lang='grc' dir='ltr'><em>Εόςοόρβοιο</em></span> <span class='ocrx_word' id='word_1_448' title='bbox 1137 3982 1266 4037; x_wconf 84' lang='grc' dir='ltr'><em>λιπέσθαι</em></span> <span class='ocrx_word' id='word_1_449' title='bbox 1272 4004 1281 4047; x_wconf 84' lang='grc'>,·</span> 
     </span>
     <span class='ocr_line' id='line_1_43' title="bbox 148 4065 1279 4137; baseline -0.002 -13"><span class='ocrx_word' id='word_1_450' title='bbox 148 4067 319 4123; x_wconf 78' lang='lat' dir='ltr'>conieceram</span> <span class='ocrx_word' id='word_1_451' title='bbox 336 4071 364 4119; x_wconf 90' lang='lat' dir='ltr'>ct</span> <span class='ocrx_word' id='word_1_452' title='bbox 382 4065 466 4119; x_wconf 80' lang='lat' dir='ltr'>sirmis</span> <span class='ocrx_word' id='word_1_453' title='bbox 485 4066 549 4135; x_wconf 89' lang='lat' dir='ltr'>quid</span> <span class='ocrx_word' id='word_1_454' title='bbox 567 4067 594 4119; x_wconf 93' lang='lat' dir='ltr'>in</span> <span class='ocrx_word' id='word_1_455' title='bbox 613 4066 704 4121; x_wconf 88' lang='lat' dir='ltr'>codice</span> <span class='ocrx_word' id='word_1_456' title='bbox 724 4081 771 4119; x_wconf 89' lang='lat' dir='ltr'>sno</span> <span class='ocrx_word' id='word_1_457' title='bbox 792 4066 888 4133; x_wconf 81' lang='lat' dir='ltr'>legisse</span> <span class='ocrx_word' id='word_1_458' title='bbox 904 4066 1011 4121; x_wconf 85' lang='lat' dir='ltr'>videtur</span> <span class='ocrx_word' id='word_1_459' title='bbox 1028 4068 1143 4122; x_wconf 89' lang='lat' dir='ltr'>loannes</span> <span class='ocrx_word' id='word_1_460' title='bbox 1157 4069 1279 4137; x_wconf 83' lang='lat' dir='ltr'>Taetaes,</span> 
     </span>
    </p>
   </div>
   <div class='ocr_carea' id='block_1_6' title="bbox 0 0 1438 4620">
    <p class='ocr_par' dir='ltr' id='par_1_6' title="bbox 0 0 1438 4620">
     <span class='ocr_line' id='line_1_44' title="bbox 0 0 1438 4620; baseline 0 7"><span class='ocrx_word' id='word_1_461' title='bbox 0 0 1438 4620; x_wconf 95' lang='lat' dir='ltr'> </span> 
     </span>
    </p>
   </div>
  </div>
 </body>
</html>
