2866 4620
589 365 823 430 -165—

450 619 493 685 11.
527 616 648 700 Lapis
669 616 963 700 Heliotropins.

236 761 456 844 Heliotropins
484 762 568 844 lapis
601 762 745 827 nascitur
777 763 810 826 in
837 761 1008 844 Aethiopia
1041 767 1074 826 et
1101 760 1208 845 Cypro
1235 768 1269 827 et

150 861 261 945 Libya
295 863 354 927 Est
372 870 478 928 autem
495 863 600 928 colore
615 863 829 945 smaragdino,
852 864 1012 946 sanguinis
1025 863 1147 928 habeus
1161 885 1266 929 venas.

151 964 341 1047 Appellatnr
363 972 471 1029 autem
486 964 703 1046 Heliotropins
725 986 763 1029 eo
786 964 871 1050 quod
893 965 990 1030 vertit
1010 964 1120 1030 solem.
1154 965 1268 1032 Missus

149 1067 231 1129 enim
254 1067 287 1129 in
308 1065 435 1148 pelvem
458 1072 642 1149 argenteam
662 1087 747 1150 aqua
776 1066 902 1148 plenam
925 1073 957 1132 et
987 1067 1126 1150 positam
1156 1073 1302 1145 coutra5

149 1166 262 1244 solem,
283 1171 380 1235 vertit
408 1191 480 1235 eum
512 1178 545 1234 et
571 1170 649 1234 facit
675 1171 766 1254 quasi
795 1171 999 1253 sanguineum
1028 1177 1061 1234 et
1089 1160 1267 1235 obscurum.

153 1270 364 1336 Consecratus
388 1273 472 1335 enim
487 1272 608 1336 videbis
630 1271 768 1336 divinam
782 1272 968 1352 potentiam.
1006 1270 1163 1337 Continuo
1185 1273 1267 1336 enim

149 1372 249 1453 pelvis
271 1373 402 1455 incipiet
424 1394 543 1455 aquam
565 1372 765 1447 confundere,
789 1372 936 1437 turbidus
959 1379 995 1437 ιιι
1016 1392 1073 1436 aer
1094 1393 1165 1437 cum
1187 1373 1269 1437 toni·

150 1475 231 1538 truis
254 1481 287 1539 et
307 1475 484 1558 fulgoribus
506 1482 538 1540 et
559 1475 673 1557 pluviis
695 1480 727 1539 et
748 1474 904 1556 procellis,
930 1475 1012 1540 adeo
1033 1481 1070 1539 ut
1092 1476 1188 1583 etiqm
1209 1475 1269 1539 im·

149 1575 245 1657 periti
267 1579 413 1659 potentia
441 1576 586 1658 lapidum
611 1583 794 1641 terreantur
822 1584 855 1641 et
882 1578 1126 1644 conturbentur:
1159 1584 1268 1643 tantas
1288 1600 1321 1652 lo

152 1679 236 1741 vires
260 1684 293 1741 et
316 1678 499 1742 divinitates
520 1677 604 1760 lapis
626 1681 686 1742 iste
706 1677 813 1742 habet.
847 1679 1018 1743 Praeterea
1032 1680 1223 1744 vaticinatur
1236 1686 1270 1744 et

149 1781 357 1861 praenuntiat
377 1780 486 1844 futura
508 1800 567 1863 per
587 1778 699 1844 fluvios
720 1800 875 1863 perennes
897 1788 929 1844 et
948 1780 1101 1846 vocaliter
1121 1803 1180 1864 per
1201 1802 1268 1862 car·

149 1883 245 1946 mina.
291 1881 341 1945 Ad
363 1882 498 1946 salutem
520 1887 687 1946 conservat
714 1903 840 1964 quoque
866 1881 992 1946 vivendi
1020 1882 1207 1948 facultatem
1237 1888 1270 1946 et

150 2004 267 2066 corpus
282 1983 448 2062 incolume,
464 1989 496 2047 et
512 1985 627 2047 bonam
643 1983 910 2047 existimationem
924 1985 1059 2065 praebet
1072 1983 1269 2064 gestantibus

150 2090 183 2150 et
205 2106 330 2150 omnem
352 2086 464 2149 veneni
490 2084 698 2166 ablationem,
727 2095 760 2149 et
788 2085 926 2150 universi
953 2085 1076 2168 generis
1100 2084 1269 2149 terriculas
1288 2108 1320 2160 lc

149 2197 284 2251 amovet.
330 2185 414 2250 Nam
438 2187 491 2268 qui
514 2184 598 2251 bunc
618 2185 759 2269 lapidem
780 2186 878 2269 gerit,
902 2207 1076 2269 numquam
1100 2186 1268 2269 decipitur,

152 2294 244 2354 tanta
260 2298 309 2353 est
323 2288 416 2353 buius
431 2287 550 2371 lapidis
571 2289 676 2369 gratia
698 2288 794 2352 adeo
816 2308 965 2353 concessa
985 2288 1175 2353 bominibus.
1209 2287 1270 2352 Hic

150 2389 234 2472 lapis
263 2389 481 2472 Heliotropins
504 2391 599 2454 vertit
625 2389 722 2454 solem
752 2389 903 2456 inviolato
925 2391 1062 2456 numine.
1104 2390 1206 2473 Igitur
1233 2395 1270 2455 ut

149 2493 209 2556 iste
230 2490 313 2574 lapis
335 2490 454 2555 imbres
477 2497 589 2555 evocat
611 2496 644 2554 et
664 2496 793 2556 caetera
815 2538 897 2555 ....

151 2677 195 2731 bic
212 2678 280 2744 lapis
303 2677 329 2730 in
354 2693 451 2746 aquam
468 2677 570 2745 positus
587 2678 698 2731 eandem
721 2692 773 2745 que
790 2678 818 2730 in
835 2693 899 2731 vase
922 2685 963 2731 est
985 2693 1082 2747 aquam
1104 2693 1164 2731 cum
1187 2676 1270 2732 radiis

152 2762 215 2816 solis
232 2762 385 2831 opponitur,
406 2762 516 2816 ebullire
535 2762 599 2816 facit
618 2769 646 2815 et
662 2761 772 2815 resolvit
789 2762 816 2815 in
834 2762 967 2830 nebulam,
985 2777 1036 2831 que
1053 2769 1114 2831 post
1131 2762 1270 2830 paululum

153 2847 263 2901 imbrem
281 2847 390 2901 inducit.
408 2848 452 2901 hic
470 2847 559 2901 reddit
575 2848 709 2902 hominem
725 2848 795 2901 bone
812 2848 890 2915 fame,
909 2854 937 2900 et
952 2847 1092 2901 vaticinari
1111 2846 1225 2916 quedam
1242 2855 1270 2902 et

155 2931 313 2986 incolumem
331 2940 359 2986 ct
377 2934 455 3002 longe
472 2933 534 2987 vite.
554 2939 647 2987 contra
664 2931 765 2986 fluxum
783 2933 919 3000 sanguinis
930 2932 1001 2986 valet
1019 2939 1047 2985 et
1062 2947 1165 2986 venena
1182 2932 1205 2985 si
1222 2947 1269 2986 uu·

154 3025 234 3084 gater
253 3019 323 3086 [lege
345 3018 510 3086 iungatur
530 3033 565 3072 ex
582 3016 669 3071 Marb.
688 3024 716 3070 et
734 3016 809 3070 Vino.
828 3016 937 3085 Bellov]
961 3032 1021 3070 cum
1043 3017 1127 3070 herba
1151 3015 1269 3070 eiusdem

151 3104 273 3164 nominis,
291 3103 318 3155 in
336 3102 453 3157 fallendo
471 3103 556 3155 visum
573 3101 687 3156 hominis
704 3102 782 3155 homo
801 3117 830 3156 se
848 3101 932 3156 videri
949 3101 1097 3170 prohibet«

219 3190 233 3240 t
248 3187 388 3255 eliotropio
410 3188 471 3255 (sic)
488 3207 513 3249 c;
529 3218 559 3227 -
574 3188 594 3239 2
609 3187 749 3254 eliotropio
767 3204 791 3253 c;
808 3217 838 3226 -
851 3188 872 3238 8
885 3186 950 3240 libia
968 3204 994 3252 ⁶3
1007 3216 1036 3225 -
1051 3187 1074 3237 4
1086 3184 1270 3252 Heliotropins

155 3273 293 3341 scripsi,
312 3272 481 3340 eliotropium
500 3292 521 3333 c,
539 3272 736 3339 Heliotropium
750 3290 783 3338 p;
801 3302 833 3310 —
856 3271 978 3339 oposita
996 3289 1021 3331 c;
1042 3301 1073 3310 -
1098 3270 1117 3322 7
1133 3283 1269 3322 »conse-

155 3365 251 3413 crate
269 3359 346 3412 forte.
377 3357 429 3410 Sed
447 3357 572 3423 frequens
590 3356 618 3408 in
635 3356 687 3408 hec
705 3355 896 3424 scriptiuncula
912 3355 1090 3408 nominativus
1107 3352 1268 3407 absolutus«

151 3445 254 3498 Pitra.
273 3473 307 3484 -
325 3442 406 3510 enim]
432 3460 466 3492 aa
490 3445 612 3503 autem?;
639 3470 673 3481 -
699 3441 720 3492 8
746 3456 803 3494 esse
819 3459 847 3506 p,
866 3447 893 3493 et
911 3458 936 3507 c,
960 3447 991 3493 ut
1014 3455 1074 3507 ego
1097 3455 1135 3493 ex
1153 3438 1271 3492 Mara:

156 3529 294 3598 »Denique
317 3536 378 3597 post
400 3526 532 3580 modicum
555 3541 602 3579 vas
625 3526 736 3579 ebullire
760 3525 875 3587 videbis,
967 3532 1004 3578 ut
1020 3525 1063 3578 fit
1087 3540 1146 3578 cum
1168 3522 1272 3576 nimbos

152 3612 478 3667 distillatturbidusaerc
494 3612 572 3664 -10
590 3610 714 3678 imperita
732 3610 879 3678 potentiam
897 3610 957 3676 (sie)
975 3626 997 3674 c,
1020 3609 1120 3662 niorto:
1139 3608 1194 3677 qui
1212 3607 1271 3660 im·

152 3706 278 3767 perant
290 3705 338 3751 aut
350 3697 422 3751 alind
435 3696 534 3750 simile«
548 3695 651 3749 Pitra.
664 3724 695 3734 -
708 3697 735 3747 11
747 3695 927 3748 vaticinantur
945 3713 971 3756 ος
987 3723 1015 3733 -
1029 3695 1064 3747 12
1081 3693 1272 3762 praenuntiant

151 3803 173 3846 c,
185 3784 361 3852 praenunciat
368 3802 394 3850 p,
404 3781 557 3843 correxi,
570 3809 600 3820 -
610 3782 644 3831 13
657 3781 774 3848 quoque}
785 3781 941 3847 cuicumque
948 3796 982 3844 p3
994 3809 1021 3818 -
1033 3780 1069 3830 14
1078 3779 1236 3832 incolumem
1245 3797 1271 3842 c;

150 3869 302 3923 incolumen
320 3868 401 3922 coni.
420 3867 518 3936 Ring3
542 3896 573 3907 -
600 3867 634 3918 15
653 3865 818 3919 ablacionem
836 3883 862 3931 ⁰3
884 3895 918 3906 -
941 3865 975 3916 16
993 3871 1126 3919 ammovet
1143 3884 1169 3929 ος
1185 3895 1220 3906 -
1235 3866 1272 3919 18

153 3952 310 4022 eliotropius
338 3970 365 4018 c,
387 3952 514 4005 inviolato
537 3951 647 4004 numine
673 3965 732 4018 ego
757 3949 881 4017 scripsi
910 3949 1121 4017 dubitanter,
1145 3949 1273 4006 inviolata

152 4045 198 4104 (ex
215 4038 402 4104 involvata)
419 4037 527 4090 nomina
544 4055 571 4099 c,
597 4035 718 4089 involuta
734 4034 826 4088 nubila
841 4053 868 4100 p.
891 4064 920 4073 -
944 4035 978 4086 te
997 4036 1038 4101 ut]
1058 4040 1086 4087 et
1099 4052 1127 4101 p.
1162 4032 1273 4089 Retinui

152 4130 189 4179 ut
206 4130 234 4179 et
251 4125 280 4177 iu
296 4123 349 4176 tine
367 4123 478 4176 lacunae
496 4123 572 4189 signa
590 4121 675 4190 posui.
705 4119 847 4189 Reliquam
862 4120 942 4174 huius
955 4120 1051 4188 capitis
1064 4127 1169 4188 partem
1186 4127 1272 4173 maus·
