2866 4620
603 318 817 382 ..40-

151 485 231 586 atari
244 520 286 589 V,
300 522 380 585 θέμις
390 520 412 572 Ρ
424 520 452 573 in
464 535 548 588 marg.
561 535 629 588 apr.
641 535 675 572 m.
688 526 716 573 et
729 518 786 572 rell.
798 549 833 559 -
855 521 874 571 7
889 518 1075 587 ἀγαλλόμενος
1085 517 1171 573 codd„
1186 525 1220 573 et
1232 519 1285 575 edd

150 611 213 660 autc
225 605 340 675 Tyrwh,
356 605 402 674 qui
414 605 616 673 ἀγαλλομίνους
626 604 767 673 proposuit
786 604 874 673 »quod
885 604 987 659 scilicet
999 619 1054 658 noo
1066 601 1103 657 sd
1116 605 1292 674 Apollinn,

150 691 199 746 sed
216 690 251 745 ad
270 690 461 758 Aesculapium
478 696 506 742 et
523 689 667 743 Herculem
691 689 876 744 coniunctivae
896 690 1056 743 referetur«.
1092 688 1176 745 Idem
1195 692 1291 747 Herm

151 781 247 845 postea
268 776 296 829 in
313 777 431 832 Tretzse
449 776 557 845 exegesi
574 775 667 829 Iliadis
683 776 867 844 manuscripta
882 774 993 837 invenit,
1011 773 1058 827 nbi
1074 777 1115 843 (p.
1127 778 1174 830 22.
1192 780 1233 833 28
1250 777 1290 834 eu

150 861 254 927 Herm.)
265 877 307 914 vv.
320 862 405 916 7-12
418 863 543 916 citantur.
560 891 595 900 -
612 861 633 913 8
652 861 710 921 υἱός
722 861 779 931 λητ,
797 860 910 913 Tactzes
928 859 945 912 l.
957 859 975 912 l.
993 859 1209 930 αιεαίμβροτοα
1228 864 1289 932 (sic)

150 944 182 999 B.
200 944 382 1015 ἀτεοίβροτον
401 946 515 1000 Taetzes
533 945 550 999 l.
564 946 582 999 l.
600 976 633 987 -
651 947 671 999 9
690 945 756 1016 ἧξεν
775 946 888 999 Taetaee
906 944 953 998 11.
970 945 1128 1009 scribarum,
1145 952 1232 1014 pute,
1248 962 1289 1003 er·

150 1077 220 1118 rore.
232 1062 289 1123 τεεν
301 1064 333 1117 Β.
350 1095 385 1105 -
401 1066 437 1118 10
454 1029 570 1118 taeitos
594 1064 650 1119 Pai
668 1064 766 1119 Nescio
789 1080 824 1118 au
847 1064 920 1119 hunc
940 1079 1047 1117 versum
1064 1065 1227 1133 respexerit
1242 1066 1287 1123 λα.

152 1147 268 1204 Tretzes
289 1151 318 1204 in
339 1149 433 1205 Iliadis
451 1150 596 1218 :Allegoria
614 1165 641 1217 p.
657 1153 706 1204 150
722 1165 747 1204 v.
761 1151 860 1217 litqq.
883 1152 938 1217 (ap.
956 1148 1137 1219 Matusarum,
1158 1150 1287 1207 Aneodti

150 1232 262 1290 Graeca
278 1234 389 1290 Romae.
410 1239 499 1303 1850):

219 1336 287 1388 Οὐδ’
300 1335 439 1408 Ἥραοιλὴς
454 1337 510 1408 γὰρ
527 1340 543 1391 ό
562 1339 685 1408 στερρός
701 1337 820 1406 λέέφογε
839 1338 889 1407 τὴν
907 1340 1018 1408 μοῖραν,
1033 1332 1089 1406 ΙὍς
1106 1357 1165 1409 περ
1180 1341 1230 1395 Aa
1246 1344 1286 1413 τᾷ

149 1416 243 1473 ἄνακτι
261 1420 368 1490 ὑπῆρχε
384 1421 557 1489 πεφιλμίνος,
589 1423 594 1490 Ι
621 1418 653 1474 ”H
668 1422 831 1492 ἀατρολόγῳ
853 1426 893 1492 τῷ
914 1420 957 1475 Διῒ
978 1423 1073 1493 ἐκείνῳ
1091 1426 1284 1499 στερηφόρρΙ

151 1503 193 1557 θό
211 1504 264 1557 καλ
279 1503 420 1574 Ὀρφεύς
437 1523 499 1559 που
515 1507 686 1576 μέμνηται
704 1505 760 1560 εἴτε
778 1508 822 1559 rai
840 1511 879 1577 τῷ
893 1505 989 1578 Ἣλίω·
1005 1505 1102 1578 ΙἘργα
1119 1508 1285 1581 τλεινὰγὸρ

151 1590 197 1642 καλ
213 1589 327 1660 λαμπρὰ
345 1591 398 1649 ζῶν
413 1589 552 1661 Ἡρακλεῖς
568 1592 669 1644 ἐτέλει·
690 1589 743 1656 ΙἯ
757 1596 796 1662 τῷ
814 1592 857 1645 Διί
874 1593 916 1644 καλ
935 1591 1051 1662 Οὐρανῷ
1069 1592 1149 1660 φίλον
1167 1593 1222 1647 τὸν
1240 1591 1285 1648 ἄν·

151 1674 206 1744 δρα
217 1675 303 1743 λέγει·
319 1674 458 1746 ΙἌριοτος
474 1677 647 1746 ἀστρολόγος
662 1677 719 1746 γὰρ
737 1675 896 1750 όᾟραιιλῆς
908 1677 1044 1747 ὑπῆρχεν·
1060 1675 1124 1746 ΙὩς
1141 1679 1201 1731 καλ
1217 1677 1285 1751 ’op-

149 1758 233 1825 φεὺς
254 1761 329 1820 τοῖς
349 1761 497 1821 λιόῑιιιοῖς
512 1760 570 1831 βοᾷ
589 1762 762 1831 διαπρυσίοις,
778 1764 783 1831 Ι
800 1760 875 1814 θότω
894 1759 938 1814 Διῒ
955 1763 1002 1814 τὸν
1016 1759 1133 1832 Ἡραιλῆ
1160 1762 1221 1816 νόει
1236 1781 1284 1828 μοι

149 1843 347 1914 πεφιλρένον·Ι
364 1842 404 1917 Τῇ
423 1847 574 1918 εἱμαρμένῃ
594 1847 624 1899 δὲ
641 1847 726 1898 αὐτὸν
743 1848 781 1917 μὴ
800 1844 878 1916 εἴπης
896 1847 1072 1913 πεφνλμένον
1090 1846 1160 1914 (sic).
1178 1879 1212 1889 -
1243 1869 1247 1873 ·

149 1964 176 2016 11
194 1961 277 2015 ἅλλτο
289 1963 318 2033 P,
336 1963 383 2018 sed
402 1963 467 2018 ἆλτο
484 1965 512 2018 in
532 1981 617 2034 marg.
635 1965 778 2033 adscripsit
793 1981 827 2017 m.
840 1980 880 2032 pr.
903 1995 934 2004 -
952 1963 1050 2017 ταναόν
1072 1963 1150 2019 codd.
1168 1971 1198 2020 et
1219 1966 1282 2023 edu

149 2054 212 2102 ante
223 2049 315 2103 Herm.
327 2050 374 2118 qui
384 2050 487 2102 ταναὸν
500 2047 636 2120 Ιίρονίοης
646 2049 762 2117 scripsit,
780 2054 875 2116 postea
888 2064 953 2104 vero
964 2049 993 2101 in
1006 2048 1144 2102 addendis
1151 2065 1180 2119 p.
1188 2050 1283 2116 XXII,

149 2133 222 2203 quod
239 2135 267 2188 in
285 2135 387 2189 Taetza
404 2134 421 2188 l.
435 2135 452 2187 l.
469 2135 580 2203 invenit,
597 2136 700 2206 ταναήν
719 2135 851 2202 probavit.
866 2137 952 2206 χεῖρα
963 2135 1078 2188 Tretzes
1095 2133 1142 2188 11
1161 2150 1218 2204 quo
1236 2150 1282 2192 co·

149 2217 216 2273 dicis
233 2234 325 2273 errore
343 2219 473 2287 deceptus
489 2220 580 2274 Iovem
600 2221 741 2287 quemdam
757 2236 866 2288 megum
878 2235 936 2274 esse
950 2217 976 2272 K
972 2220 1085 2290 ρονίόην
1098 2225 1198 2288 poetae
1208 2221 1281 2278 taire

147 2303 254 2372 putarit
266 2304 380 2358 Taetzes
398 2304 414 2356 l.
427 2303 444 2358 l.
457 2320 484 2372 p.
497 2307 544 2358 22:
562 2304 645 2364 αὐτὸς
657 2305 687 2356 δὲ
699 2304 838 2374 ό’ορφεὺς
855 2301 1044 2374 τόνἩραιλέα
1063 2305 1107 2357 ἐπὶ
1125 2309 1160 2374 τῆ
1177 2315 1280 2380 μαγαῆ

148 2387 320 2458 ὑπεραίρων,
339 2389 374 2440 οὐ
390 2390 473 2451 μόνον
493 2390 578 2441 αὐτοῦ
596 2389 776 2459 παλαιότερον
798 2390 927 2441 ἀλλὰκαὶ
947 2392 997 2441 τοῦ
1015 2391 1064 2441 τοῦ
1083 2385 1195 2459 Ιίρόνοο
1215 2393 1281 2446 otor

148 2473 213 2535 Διὸς
228 2477 277 2527 τοῦ
287 2475 376 2544 μάγον
389 2475 487 2546 σχεδόν
501 2473 635 2542 πρότερον
654 2475 848 2527 ἀποδείκνυσιν.
869 2505 899 2514 -
921 2475 956 2526 13
972 2473 1088 2534 ’κείνους
1104 2473 1168 2528 Bet
1181 2477 1211 2543 P,
1230 2478 1281 2547 qui

147 2566 237 2616 tamen
259 2561 288 2615 in
310 2578 394 2631 marg.
415 2565 458 2614 κεί
478 2563 561 2616 habet
578 2577 595 2616 a
612 2578 653 2629 pr.
671 2578 704 2615 m.
739 2592 774 2602 -
808 2563 844 2614 14
858 2565 1009 2632 χαίροντας
1034 2560 1110 2615 cedei
1125 2564 1281 2632 χαίροντες

147 2645 255 2701 amun.
273 2649 301 2701 in
318 2648 387 2702 Bibl.
401 2650 465 2704 erit.
478 2655 548 2717 part.
560 2649 627 2703 vill
644 2665 671 2717 p.
690 2639 733 2704 902
752 2654 780 2703 et
797 2649 911 2702 Taetzes
928 2646 1015 2714 Exeg.
1032 2645 1062 2699 ll.
1081 2660 1143 2713 pag.
1160 2649 1207 2715 31,
1232 2648 1280 2703 ubi

148 2727 242 2785 laudat
253 2748 295 2793 v.
312 2738 351 2788 13.
365 2737 405 2788 14.
423 2765 456 2774 -
474 2736 509 2787 14
526 2732 573 2786 tx·
589 2735 621 2787 Β.
639 2763 672 2774 -
690 2734 724 2786 16
743 2734 773 2785 δὲ
790 2734 819 2784 ἐν
832 2733 863 2786 Β.
885 2764 911 2771 -
932 2733 966 2783 17
986 2733 1016 2791 ός
1028 2731 1059 2783 δέ
1069 2749 1116 2784 ιιεν
1135 2737 1164 2784 et
1180 2749 1280 2800 πεγνιι·

150 2817 231 2880 μένον
243 2816 276 2873 Β.
287 2817 387 2885 ἀνώγοι
398 2819 437 2870 Μ.
451 2819 551 2887 ἀνώγει
568 2818 656 2872 BPV
665 2819 722 2873 Pel.
740 2820 796 2873 ais.
815 2819 909 2886 Steph.
927 2825 955 2871 et
974 2817 1034 2872 edd.
1046 2822 1110 2872 ante
1123 2817 1280 2887 Hermoni

147 2900 241 2971 ἀνώγῃ
260 2901 381 2969 scripsit,
399 2908 486 2970 recte,
509 2902 573 2956 licet
590 2903 751 2971 obloquente
769 2904 882 2972 Wielio,
906 2906 952 2972 qui
974 2920 1000 2971 p.
1021 2907 1106 2958 1415
1123 2916 1279 2971 provocans

148 2984 183 3039 ad
200 2985 332 3054 Koechlyi
349 2987 531 3054 praefationes
548 2987 576 3040 in
593 2989 785 3043 Moneth0nem
807 2995 836 3043 et
854 2989 981 3055 Quintum
1000 2989 1080 3043 hosce
1099 2986 1185 3042 nostri
1203 2987 1279 3042 locos

148 3069 183 3124 ab
195 3069 349 3126 Hermanno
367 3087 510 3140 perperam
528 3072 564 3126 ed
581 3074 761 3142 antiquiorum
786 3075 922 3142 epicorum
941 3089 1061 3129 normam
1073 3073 1199 3127 redactos
1217 3086 1279 3128 esse

148 3153 277 3210 affirmat:
298 3172 323 3211 v.
344 3159 375 3212 17
396 3157 470 3226 vulg.
487 3157 594 3225 ἀνώγει.
612 3162 663 3214 268
680 3161 766 3227 ῥέζοι.
784 3163 843 3213 308.
862 3160 980 3212 πελόσοι.
999 3162 1057 3213 314.
1076 3157 1197 3210 παλύνοι.
1215 3160 1278 3213 318.

148 3238 293 3304 φυλάσσοι.
311 3244 370 3296 396.
390 3237 470 3310 εἴπερ
490 3241 611 3311 ἔρχηται.
629 3247 686 3297 420.
707 3244 732 3294 εί
750 3244 903 3295 ἀντιόωσιν.
922 3244 981 3297 472.
1000 3242 1073 3295 εἴτε
1090 3241 1196 3307 βάλοις.
1215 3243 1279 3298 617.

149 3319 180 3373 εἴ
190 3323 223 3374 ιιέ
237 3341 283 3386 μιν
302 3322 399 3393 εὕροις.
418 3327 478 3380 711.
497 3327 527 3387 ὅς
543 3344 574 3378 τε
593 3327 740 3380 όινεόεαιιε.
753 3330 812 3383 753.
831 3326 861 3379 εἴ
874 3329 919 3379 κέν
939 3346 979 3387 τις
997 3327 1107 3396 όηωαοι.
1126 3329 1167 3379 52.
1187 3323 1278 3379 αἴκεν

148 3409 377 3477 ποτιχρίμπτοιτο.
401 3415 520 3466 84-85.
539 3412 570 3471 ὅς
593 3430 639 3464 ιιεν
662 3417 781 3483 πειρῷτο
799 3413 955 3483 μενοινήοει
973 3429 1004 3464 τε
1021 3412 1103 3476 κάμοι
1128 3429 1167 3472 τε,
1190 3410 1221 3469 ός
1243 3427 1279 3462 τε

148 3491 307 3564 διόάσκηται
325 3495 415 3555 καλός
433 3495 539 3556 εἰδότας
562 3497 717 3567 ἐξερεείνοι.
755 3498 808 3551 Sed
826 3513 886 3551 cum
905 3505 961 3551 tres
979 3497 1030 3551 looi
1055 3499 1106 3562 (52.
1126 3498 1185 3549 318.
1204 3495 1279 3564 711.)

148 3591 183 3630 ex
200 3577 275 3632 libris
293 3580 391 3648 corrigi
409 3580 532 3649 debeant,
550 3598 574 3634 v.
590 3584 621 3638 17
638 3582 730 3653 ἀνώγη
747 3582 828 3636 etiam
846 3599 862 3636 a
879 3582 982 3635 Tretza
998 3580 1077 3648 (chil.
1096 3579 1123 3633 ΙΙ
1141 3580 1201 3639 858,
1221 3577 1279 3632 XII

147 3664 210 3730 608)
228 3664 326 3718 lectum
344 3665 387 3732 sit,
405 3667 589 3732 coniunctivus
606 3673 668 3734 post
689 3665 723 3718 αἴ
732 3684 763 3718 ιιε
781 3667 809 3720 in
827 3683 869 3722 rr.
887 3671 928 3721 43.
947 3670 1005 3720 204.
1026 3665 1107 3718 ctiam
1124 3670 1212 3717 metro
1231 3662 1281 3718 fir-

147 3752 248 3811 metur,
266 3765 291 3801 r.
309 3754 361 3804 314
378 3750 494 3804 παλύνοι
514 3749 620 3805 infirma
637 3753 799 3808 auctoritate
817 3752 934 3814 nitetur,
959 3766 983 3805 v.
1001 3748 1186 3805 308πε1άσοι
1204 3754 1233 3802 ct
1248 3758 1278 3803 τ.

148 3831 200 3888 753
217 3833 319 3904 δηώσοι
341 3850 375 3888 ne
393 3836 635 3889 recentissimorum
653 3836 760 3904 quidem
779 3837 916 3904 epicorum
934 3834 1126 3889 consuetudine
1145 3847 1278 3888 excusen-

148 3920 206 3980 tur,
227 3918 312 3972 aatins
330 3919 395 3972 duxi
412 3921 566 3974 Hermanno
585 3921 726 3974 obsecutus
744 3921 861 3988 reliquos
879 3920 952 3974 locos
967 3919 1102 3986 corrigere
1123 3923 1234 3984 praeter
1251 3918 1284 3973 ci

148 4019 201 4070 περ
215 4002 328 4076 ἔρχηται
339 4022 364 4059 v.
377 4009 436 4074 396,
449 4012 476 4058 et
488 4007 514 4057 εί
526 4005 665 4060 ἀντιόωσιν
678 4023 702 4059 v.
716 4009 775 4073 428,
788 4005 821 4060 de
834 4005 930 4073 quibus
942 4020 991 4059 suo
1005 4005 1063 4058 loco
1075 4003 1188 4057 dicetur.
1217 4003 1273 4059 Na·

148 4103 201 4158 que
218 4090 299 4144 credo
317 4098 426 4159 poetam
443 4091 472 4144 in
488 4107 542 4145 uno
566 4092 714 4161 eodemque
735 4107 815 4146 versu
832 4091 907 4145 nulia
925 4090 1030 4146 omnino
1049 4087 1212 4143 necessitate
1232 4100 1278 4145 c'o·
