2866 4620
568 356 779 416 ..17-

148 560 183 612 60
217 540 360 624 φθόγγον
384 540 445 603 ἀπὸ
469 538 644 626 στήθεσφιν
666 540 775 628 ἀοιδῆς
797 539 1007 627 γηρύσασθαι.

259 650 334 715 ’ἀλλ’
357 650 393 714 ού
416 649 517 740 πάγχυ
539 650 685 735 βροτοῖσι
711 650 935 738 σαοφροσύνης
958 650 1106 732 ἀλεγίζειν

218 763 335 848 ἵμερος,
360 762 437 847 αίφα
460 760 507 838 δέ,
532 762 666 847 πρέσβα,
691 761 720 825 σ’
735 760 951 846 ἀλιτροσύναις
973 762 1107 824 ἀτίονσι·

217 874 340 963 μητέρα
364 873 399 936 δ’
421 875 538 960 ηριόιον
563 874 677 960 ἀρετὴν
700 872 863 954 ἀπάτερθε
886 872 1028 946 κλύοντες
1176 850 1181 860 ⁸

220 982 444 1070 προτροπάδην
468 983 645 1068 φεύγουσιν,
670 982 856 1069 ἀοσσητῆρα
879 981 915 1044 δὲ
935 981 1066 1069 μόχθον,

151 1115 184 1167 65
218 1095 338 1184 μόχθον
362 1096 544 1183 ἀοσσητῆρα
566 1093 638 1176 βίου
659 1094 744 1178 μάλα
768 1093 960 1179 πεφρίκασιν.

220 1206 294 1270 ούδέ
318 1229 374 1291 σφι
396 1205 508 1290 κρείων
531 1206 575 1268 ἐνὶ
597 1205 738 1289 δώμασιν
762 1200 857 1287 ὄλβος
880 1206 988 1290 ὁμιλεῖ,

219 1318 295 1381 ούδέ
320 1339 363 1392 τις
386 1317 452 1382 οἶδε
476 1317 562 1392 θεοῖς
584 1316 750 1401 δαριζέμεν
774 1316 987 1380 ἀθανάτοισιν.

219 1427 253 1491 ἐκ
274 1427 307 1490 δ’
331 1427 395 1508 οἵγε
419 1426 549 1491 πτολίιυν
573 1449 605 1488 τε
629 1428 678 1489 καὶ
700 1427 808 1509 ἀγρῶν
831 1425 951 1514 ἤλασαν
975 1424 1092 1512 ἐσθλὴν

219 1576 262 1586 -
285 1538 305 1601 ἀ
328 1538 426 1602 δειλοί
445 1575 486 1585 -
510 1537 632 1624 σοφίην,
655 1535 822 1621 Ἐριούνιον
845 1537 1033 1622 ὑβρίζοντες.

150 1666 185 1720 70
222 1648 320 1712 ὤλετο
344 1648 380 1711 δὲ
404 1647 569 1732 προτέροις
591 1647 804 1735 πεπονημένον
827 1646 998 1734 ἡμιθέοισιν

220 1765 332 1840 ἔργον·
355 1758 372 1819 ί)
396 1758 427 1818 δ’
452 1757 607 1841 ἀργαλέος
628 1758 676 1820 καλ
699 1757 841 1844 ἀπεχθὴς
860 1756 966 1820 αύτίκα
989 1762 1088 1837 πᾶσιν,

222 1865 251 1953 ᾧ
273 1889 324 1930 κεν
347 1865 522 1952 ἐπωνυμίην
544 1867 612 1928 λαοὶ
635 1866 767 1938 τεύξουσι
786 1869 911 1948 μάγοιο.

221 1978 271 2041 καί
288 1977 325 2063 ῥ’
348 1978 365 2040 θ
386 1977 445 2061 μὲν
467 1976 500 2039 ἐν
524 1976 657 2062 κονίησιν
684 1976 738 2038 ὑπ’
762 1975 835 2060 άορι
857 1979 970 2079 κρατὸς
994 1976 1144 2062 ἀμερθεὶς

220 2087 380 2173 λευγαλέῳ
403 2088 532 2171 θανάτῳ
557 2087 622 2160 δῖος
646 2088 715 2171 φὼς
738 2086 974 2150 ἐκτετάνυσται·

152 2217 184 2270 75
221 2200 249 2262 οἳ
271 2199 303 2263 δ’
326 2197 417 2262 ἴκελοι
440 2197 603 2286 θηρεσσιν,
628 2197 747 2281 ἀίδριες
768 2197 820 2285 ηδ’
845 2197 1003 2261 ἀδίδακτον

215 2311 306 2398 γητεϊ
327 2309 496 2392 δαιμονίοιο
521 2309 685 2395 νικήματος,
709 2306 782 2370 οὔθ’
806 2306 859 2370 ὑπ’
882 2309 1010 2394 ἀριογην

221 2418 392 2506 θεσπεσίην
414 2419 552 2504 φυγέτην
574 2416 805 2499 όλεσιμβρότου
829 2416 862 2478 ἐκ
885 2416 1061 2504 κακότητος,

219 2525 292 2592 οὔτε
315 2552 341 2590 τι
363 2527 513 2592 θέσκελον
538 2525 642 2611 ἔργον,
664 2528 684 2586 ό
706 2548 756 2587 κεν
776 2527 861 2608 μάλα
885 2525 1086 2608 θαυμάζοιτο,

220 2637 331 2701 ἴσασ’·
354 2637 431 2699 ἀλλὰ
454 2659 527 2721 σφιν
552 2637 666 2720 νεφέλη
689 2635 878 2719 πραπίδεσσι
901 2637 1022 2724 κελαινὴ

151 2766 186 2817 80
221 2743 544 2832 ἀμφιπεριπλεγθεῒσα
565 2744 734 2829 βαδιζέμεν
758 2743 953 2827 ἀνθεμόεντα
1060 2819 1063 2822 ,

221 2857 265 2932 είς
287 2857 404 2940 ἀρετῆς
426 2856 561 2937 λειμῶνα
585 2856 832 2939 πολοστεφάνοιο
853 2856 1007 2941 μεγαίρει.

220 2967 288 3030 ἀλλ’
311 2965 425 3049 ἐμέθεν
450 2969 579 3049 στεῦμαι
602 2965 739 3053 κειμήλια
762 2964 988 3049 πειθομένοισιν

222 3077 351 3162 ἀφνειοῦ
370 3081 505 3164 χρυσοῖο
529 3076 605 3138 πολὺ
629 3076 873 3162 προφερέστερα
895 3077 1017 3150 δείξειν·

221 3191 312 3271 φῶτα
334 3186 370 3248 δὲ
394 3187 518 3272 δίζημαι
540 3185 755 3268 ταλακάρδιον,
778 3188 814 3260 ός
837 3209 888 3248 κεν
911 3188 1043 3251 ἑκάστου

151 3315 185 3367 35
220 3296 390 3379 ἐμμεμαὼς
412 3297 559 3381 πειρῷτο,
579 3297 760 3383 μενοινησαι
783 3320 826 3375 τε,
851 3299 941 3379 κάμοι
964 3321 1007 3377 τε,

220 3399 253 3480 ύς
276 3429 310 3469 τε
332 3405 524 3491 διδάσκηται,
548 3405 597 3467 καὶ
619 3401 653 3478 ὃς
674 3405 796 3479 εἰδότας
818 3405 986 3493 ἐξερεείνη.

220 3518 257 3581 ου’
281 3521 341 3602 γὰρ
364 3516 440 3600 ἄτερ
464 3517 612 3598 καμάτοιο
637 3515 724 3591 τέλος
742 3514 869 3598 μύθοισι
892 3518 940 3580 καί
963 3515 1066 3602 ἔργοις

218 3626 357 3711 εὐρύοπα
379 3626 532 3714 Κρονίδης
555 3625 656 3692 ἐθέλει
680 3626 795 3709 δόμεν·
820 3628 896 3691 ἀλλὰ
919 3628 968 3691 καὶ
990 3629 1083 3692 αύτδν

218 3735 251 3810 ἐς
274 3737 360 3801 δύσιν
384 3737 610 3820 ἀιπθμαίνοντες
632 3735 683 3800 ἀν’
706 3736 819 3821 αἰθέρα
842 3739 1069 3822 λαμπετόιοσαν

150 3865 185 3917 90
219 3847 321 3933 ηέλιον
345 3848 505 3932 φαέθοντα
529 3849 584 3911 σὺν
606 3848 721 3933 ἅρματι
747 3850 843 3912 πῶλοι
865 3848 984 3931 ἄγουσι.

218 4068 340 4131 Μᾶλλον
362 4068 424 4151 ἐγὼ
448 4074 581 4135 πινυτοίο
605 4071 797 4156 παραίφασιν
820 4056 934 4156 ἀνέρος
956 4071 1059 4154 εύρὼν

164 4172 191 4215 ε.
205 4171 291 4221 Abel,
309 4170 391 4224 Orphei
404 4170 499 4215 Limia.
1018 4176 1034 4225 2
