2866 4620
572 294 805 358 -34-’

321 480 406 554 είδσς
428 478 537 567 ἔχοντα
560 481 710 565 δαφοινὸν
731 480 955 564 ἀμαιμακέτοιο
978 479 1132 559 λέοντος·

323 592 369 676 τῷ
391 590 440 653 καί
458 614 509 672 μιν
531 590 711 675 προτέροισι
732 589 938 678 λευντυδέρην
961 592 1118 678 ὀνομῆναι

236 718 288 770 666
321 700 454 788 ῆνδανεν
476 700 632 788 ῆμιθέοισι
653 699 853 764 κατάστικτον
877 700 1065 765 σπιλάδεσσι
1125 700 1128 705 ’

146 829 219 894 (616)
323 812 487 898 πυρσῆσιν,
509 811 631 884 λευκαῖς
653 832 697 889 τε,
717 811 961 894 μελαινομένιιις,
981 811 1141 897 χλοεραῖς
1168 834 1238 905 τεῇ

322 922 374 985 τὸν
397 921 438 1000 δ’,
461 922 489 985 εἷ
510 919 678 1007 σκυρπείην
700 919 934 1006 ὀλοφυρόμενος
957 941 1000 994 τις
1022 921 1158 1011 δκωκῆν

322 1029 416 1113 ἔλθοι,
440 1031 602 1115 ἀερτάζειν
625 1031 696 1114 περὶ
718 1029 802 1094 έλκεῖ
823 1030 928 1094 κέκλεο
956 1030 1075 1116 λυγρῷ,

322 1141 343 1229 ῆ
361 1166 414 1226 μιν
436 1141 648 1204 ἐπιπλάσσειν·
671 1141 732 1202 ἀπὸ
754 1141 815 1224 γὰρ
835 1138 1016 1222 μινύθουσιν
1038 1139 1137 1206 ἀνῖαι.

236 1271 287 1323 625
321 1251 446 1336 ἱμερτόν
470 1274 504 1315 τε
526 1253 643 1332 γυναιῖι
665 1250 815 1338 δυνήσεαι
838 1249 937 1334 ἀνέρα
960 1249 1072 1328 θεῖναι,

147 1382 220 1447 (656)
322 1362 371 1424 καὶ
393 1360 514 1434 θέλξας
532 1359 659 1440 μύθοισι
680 1358 828 1444 βροτούς,
851 1363 900 1424 καὶ
922 1359 1022 1423 πάντα
1046 1360 1192 1444 κομίζων

322 1472 404 1535 όσσα
426 1493 477 1534 κεν
499 1471 666 1558 αίτῆσειας,
690 1470 816 1556 ἀφίξεαι
838 1469 943 1534 οἴκαδε
961 1469 1095 1558 χαίρων.

324 1581 372 1644 καὶ
394 1581 497 1667 νούσῳ
521 1582 674 1663 κάμνοντα
697 1580 861 1666 σαωθῆναι
885 1579 974 1665 θέμις
994 1578 1090 1659 ἐστίν,

322 1692 357 1766 ός
378 1715 429 1774 μιν
452 1689 499 1755 ένὶ
521 1691 695 1778 σφετέρησι
718 1691 826 1774 λαβὼν
845 1691 985 1779 χείρεσσι
1008 1692 1172 1781 κατάσχῃ·

238 1821 290 1872 666
325 1800 352 1865 εἰ
378 1800 413 1864 δὲ
436 1799 517 1876 Ζεύς
540 1825 586 1865 τοι
609 1802 660 1866 τόν
682 1824 719 1884 γε
740 1801 899 1884 βιωσέρεν
922 1801 1109 1889 ἀρνῆσηται,

149 1932 222 1998 (665)
324 1913 402 1978 ἀλλὰ
424 1912 489 1979 νόει
512 1913 550 1978 σύ
575 1914 678 1999 τεῆσιν
700 1910 747 1976 ένὶ
769 1911 891 1996 φρεσὶν,
913 1909 1039 1975 οὕνεκεν
1062 1910 1155 1999 αὐτῷ

323 2027 406 2113 ῥῆξε
427 2025 508 2087 λίνον
524 2021 665 2086 Κλωθώ·
688 2024 722 2084 τὸ
744 2021 782 2084 δέ
797 2021 827 2084 κ’
844 2018 968 2109 ἔρχεται
993 2011 1129 2086 ύοτατόν
1152 2021 1257 2112 ῆμαρ.

360 2134 399 2198 Εὐ
420 2133 456 2196 δὲ
478 2131 718 2218 πυριφλεγέθων
740 2132 936 2219 έτερῆμερος
958 2131 1059 2216 ἄνδρα
1082 2129 1245 2222 θαμίζων,

324 2241 344 2332 ῆ
366 2244 499 2329 κρυερύς
517 2244 672 2328 μάρπτων
695 2244 830 2326 πυρετὸς
851 2241 1121 2331 παραδηθύνησιν,

239 2369 290 2423 666
324 2351 361 2440 ῆὲ
385 2350 566 2440 τεταρταίης
588 2356 675 2440 πῆμα
695 2352 802 2439 βραδύ
822 2355 946 2441 μῆποτε
968 2354 1071 2442 λῆγειν

150 2480 222 2547 (666)
323 2461 530 2549 βουλομένης,
553 2461 622 2525 ἀλλ’
645 2461 713 2527 ιιίὲν
734 2463 796 2550 όπη
819 2464 974 2550 πελάσησι
993 2461 1164 2552 μενούσης,

324 2572 416 2638 τόνδε
439 2571 531 2656 σύγ’
554 2571 662 2639 λᾶσθακ
683 2573 726 2636 δι’
749 2573 907 2657 ἀμύμονος
929 2574 1131 2661 ἀντιαγάτουῄ

323 2682 417 2762 οὗτος
437 2684 498 2769 γὰρ
519 2688 664 2771 πυρετῶν
686 2684 763 2748 πολὺ
787 2681 953 2769 φέρτερος.
986 2681 1065 2766 αίῴα
1087 2681 1124 2747 δὲ
1148 2690 1241 2774 σῆμα

326 2789 460 2877 ἐξερέω,
484 2793 519 2858 τό
541 2815 602 2878 περ
624 2793 691 2857 ὦκα
711 2793 785 2881 βίην
807 2793 941 2858 δείκνυσι
962 2792 1071 2859 λίθοιο.

240 2920 292 2972 640
326 2901 362 2967 έν
383 2905 445 2989 γάρ
465 2927 518 2989 μιν
539 2907 688 2987 κεράεσσι
709 2904 818 2988 βαλὼν
837 2901 938 2989 μέσον
961 2902 1145 2988 έφομένοισι

150 3029 224 3096 (665)
327 3010 440 3078 τυτθὸν
462 3012 670 3103 ἀνασχέσθαι·
694 3013 732 3079 τὰ
754 3012 790 3077 δὲ
811 3015 936 3101 τῆκεται
958 3011 1065 3077 ἔνδοθι
1087 3017 1200 3080 πάντα.

325 3121 360 3186 οὐ
380 3120 441 3206 μέν
464 3146 509 3185 τοι
530 3124 580 3187 καί
601 3122 692 3187 τόνδε
715 3125 794 3210 πρὸς
815 3125 935 3210 έρπετά
955 3145 1035 3211 φημι
1058 3122 1228 3207 δύνασθαι,

326 3231 395 3296 ἀλλ’
418 3232 527 3318 ἕτερον
550 3232 646 3297 δώσω
663 3231 811 3322 χατέοντί
830 3256 876 3298 τοι
898 3233 1009 3320 ἰητῆρα

325 3339 501 3427 οὐρανόθεν
523 3348 681 3426 γεγαῶτα·
704 3343 743 3409 σύ
766 3341 799 3407 δ’
822 3341 857 3407 έν
880 3343 974 3428 φρεσί
987 3342 1105 3425 βάλλεο
1131 3344 1253 3424 μῦθον.

241 3469 292 3521 645
327 3448 399 3515 εὐτε
420 3452 481 3537 γὰρ
504 3452 628 3542 αι’γλῆεν
651 3453 808 3539 σφέτερον
830 3451 930 3536 δέρας
952 3451 1161 3538 εὐρύστερνος

148 3581 222 3646 (646)
329 3560 468 3648 Οὐρανὸς
491 3563 682 3651 ὠμηστῆρος
703 3563 776 3629 ὐποιί
798 3566 957 3651 παλάμησι
980 3561 1111 3646 Κρόνοιο

325 3670 464 3758 δηωθείς
486 3672 594 3746 είλιξεν
616 3671 798 3762 ἀπειρεσίην
820 3672 872 3738 ἐπὶ
892 3674 981 3756 γαῖαν

325 3779 456 3868 αίθέρος
477 3781 514 3846 έκ
535 3781 604 3871 δίης
625 3781 748 3848 πεσέειν
770 3781 907 3856 ούδάςδε
926 3786 1088 3866 μενοινῶν,

325 3889 413 3978 όφρα
435 3915 469 3956 κε
492 3892 582 3957 πάντ’
606 3891 720 3981 ἀίδηλα
743 3892 933 3982 πολύτροχον
956 3891 1201 3977 ἀμφιπετάσσας

245 4021 297 4074 666
332 4006 430 4065 νῶτον
452 4003 505 4067 ἑὸν
528 4003 641 4084 τεύξαι,
662 4003 740 4091 μηδ’
764 4001 904 4088 Οὐρανοῦ
927 4001 1134 4087 ἀστερόεντος
