2866 4620
610 330 823 395 ,37-

154 508 235 575 nicto
252 508 323 577 ret,
339 510 536 579 ότοφλολσβοιο
552 512 578 567 V
594 517 624 566 et
640 511 700 568 edd.
718 520 782 568 aute
799 514 904 583 Herm,
925 516 972 584 qui
989 516 1118 571 usitatum
1135 519 1278 586 τολορλοό-

155 592 236 661 saon
247 594 371 663 reposuit
382 610 418 649 ex
428 594 605 651 Siothouwri
616 600 750 652 sententia
765 599 805 665 (in
816 598 893 654 Actis
905 600 965 655 Soc.
973 602 1046 656 iusi.
1055 602 1108 657 voi.
1119 604 1160 657 111
1172 620 1199 671 p.
1210 608 1279 669 lttl).

154 676 234 747 Quod
250 692 305 735 non
322 679 546 747 probavissem
562 682 634 736 euim
651 683 703 735 όκό
721 684 866 751 φλοίσβοιο
882 685 1025 755 θαλάσσης
1041 686 1164 743 similiter
1177 688 1278 744 dietum

153 770 238 833 tique
257 764 401 819 ἀϋσάντων
418 764 466 819 dn'
480 762 600 836 Ἀχαιῶν,
622 767 721 820 δαΐδων
740 769 793 821 ὑπὸ
810 769 1020 839 λαμπομενάων,
1044 772 1093 825 ὑπ’
1111 772 1206 842 αόλοό,
1224 774 1277 827 ὑπὸ

153 848 323 919 φορμόγων,
341 850 394 903 ond
405 852 540 919 συρίγγιον
552 852 626 921 apud
638 852 784 907 Homerum
801 854 921 923 aliosque
932 856 1032 923 epicos.
1050 886 1082 899 ·-
1100 858 1115 909 t
1132 858 1158 911 A
1170 865 1198 911 et
1211 858 1279 911 Ges·

153 948 204 989 nor
214 948 251 989 ex
262 936 343 1001 aaut,
359 950 441 1003 quam
457 937 641 1005 probaverunt
657 937 763 1007 Tyrwh.
775 939 866 992 Herm.
884 945 913 993 ot
931 954 1001 995 eam
1018 942 1046 995 in
1063 942 1185 997 versione
1203 941 1278 997 eidi·

153 1018 233 1075 derat
248 1018 304 1073 iem
322 1018 466 1083 Fuscheub„
484 1022 498 1073 ἑ
516 1036 566 1075 om.
585 1021 643 1076 rell.
664 1052 692 1061 -
712 1023 856 1093 ἀτοπτὺοῃ
876 1024 977 1086 Herm..
995 1025 1141 1096 ἀτοατόοη
1159 1028 1192 1095 Α,
1210 1027 1276 1080 dno·

156 1104 259 1157 ττότοτ
275 1102 344 1160 cett
362 1112 391 1159 et
406 1104 468 1159 edd
485 1112 548 1161 aute
570 1105 677 1174 Herm,
699 1107 831 1160 ἀποκτόοι
854 1108 1026 1161 coniecerunt
1047 1108 1152 1177 Tyrvh.
1171 1118 1198 1163 ot
1222 1110 1279 1165 Sio-

152 1186 277 1243 diecret·
292 1188 310 1243 Ι.
328 1188 347 1243 Ι.
364 1220 398 1231 -
415 1190 480 1242 624
496 1189 706 1245 ἀναπττόααααν
723 1192 758 1255 Α,
775 1192 984 1245 όναπντόααοαν
1007 1194 1065 1248 rell.
1078 1195 1154 1249 codd.
1172 1204 1201 1251 et
1217 1196 1278 1251 edd.

152 1280 219 1331 ants
234 1274 340 1339 Hem,
362 1275 410 1343 qui
425 1274 557 1331 Beruurdi
574 1278 756 1331 coniecturam
772 1278 812 1345 (iu
829 1280 886 1332 vita
903 1280 1005 1333 Reiskii
1022 1297 1049 1349 p.
1066 1284 1129 1345 408)
1147 1280 1279 1333 ἀνακλαύ-

152 1372 242 1413 mar
260 1358 371 1427 recepit.
389 1360 492 1413 Gesner
508 1359 718 1414 deaurationem
742 1362 839 1416 audaci
858 1365 1017 1432 metaphora
1035 1365 1136 1421 dictum
1153 1380 1213 1419 esso
1229 1382 1276 1421 ro·

152 1444 206 1501 luit
222 1444 273 1500 »de
285 1445 388 1499 curalio
399 1444 453 1499 ism
464 1459 479 1498 e
491 1446 600 1499 marinis
611 1447 690 1501 undis
701 1456 864 1515 emergente,
882 1454 1011 1517 tauquam
1023 1449 1057 1504 do
1069 1448 1186 1513 animoli,
1205 1450 1277 1518 quod

152 1544 187 1587 οο
202 1530 264 1599 ipsa
281 1544 336 1599 quo
356 1529 477 1584 nascitur
488 1536 630 1599 momento,
648 1533 767 1586 irruente
780 1533 808 1586 iu
818 1548 898 1587 nares
909 1548 942 1588 ao
953 1534 1093 1605 pulmones
1105 1550 1177 1603 soro,
1194 1534 1278 1603 respi-

152 1630 216 1671 nrc
232 1614 354 1685 incipite.
389 1615 449 1683 Ego
466 1615 689 1686 όνατληοθεῒοαν
709 1618 758 1670 ὑπ’
776 1615 876 1688 οἴθρης
893 1620 987 1687 scripsi
1005 1635 1040 1673 ex
1061 1620 1191 1688 epitomas
1210 1618 1277 1671 λτὰν

153 1700 186 1753 dd
202 1698 247 1753 καλ
263 1702 316 1753 τοῦ
331 1698 398 1752 καθ’
421 1698 495 1767 ἡμᾶς
516 1700 625 1769 όλρος
647 1701 857 1772 όνατλησθῇ
882 1703 1062 1774 ξηραίνεσθαι
1086 1702 1129 1755 καλ
1148 1706 1278 1772 στερεοῦ-

153 1786 221 1840 ιθακ
236 1784 347 1851 μᾶλλον.
360 1815 394 1825 -
408 1785 471 1838 626
489 1785 594 1851 stridone
611 1786 642 1839 B.
657 1817 690 1826 -
708 1787 771 1838 626
790 1786 881 1855 δελρόν
892 1787 932 1853 V;
949 1790 1028 1857 πάγαι
1039 1790 1078 1855 Δ;
1093 1818 1127 1829 -
1144 1788 1235 1841 τοθῖαα
1252 1802 1277 1841 a.

154 1934 187 1947 -
198 1902 264 1957 52⁷
277 1902 467 1971 dvoxptrds'nra
479 1907 512 1971 A,
530 1871 627 1972 λνοκριν
631 1905 717 1956 θέντα
729 1904 761 1968 Β,
779 1905 955 1973 ἐνοκριθὲντα
974 1906 1003 1959 Μ
1013 1906 1034 1959 Ρ
1043 1905 1130 1960 Patv
1143 1906 1207 1973 ait,
1225 1906 1277 1957 λνι-

149 1988 329 2061 χριμφθέντα
351 1990 444 2059 Steph.
462 1996 491 2043 et
513 1989 572 2043 edd.
591 1995 653 2043 aute
671 1988 777 2056 Hemn,
802 1990 847 2058 qui
870 1989 1011 2057 Tyrwhitti
1033 1990 1215 2043 coniecturam
1235 1990 1277 2041 καλ

149 2074 249 2147 χτρολν
267 2074 297 2125 λι
315 2074 461 2143 ὀκριόεντα
481 2078 576 2145 τεῇοιν
595 2074 710 2141 recepit,
735 2073 786 2127 uisi
804 2072 875 2142 quod
898 2072 926 2124 ἓν
951 2072 1066 2143 scripsit.
1101 2073 1199 2125 Similis
1216 2086 1277 2140 per·

151 2158 268 2213 mutatio
290 2159 386 2213 horum
403 2158 592 2214 vocabulorum
615 2166 674 2213 erat
698 2160 725 2212 iu
745 2160 843 2226 Quinto
861 2159 1006 2227 Smyrnaeo
1024 2158 1077 2211 XII
1099 2174 1124 2212 v.
1145 2160 1207 2225 135,
1230 2157 1277 2210 ubi

152 2244 260 2313 Kochly
276 2249 351 2299 recte
368 2244 471 2312 recepit
483 2244 626 2313 Tyehsonii
638 2243 852 2299 emendationem
871 2244 919 2296 ὑπ’
937 2242 1070 2311 ὀκριόεντι
1088 2258 1137 2311 pro
1156 2240 1277 2297 codicum

152 2330 289 2397 scriptura
305 2328 487 2398 θποκριθὲντο.
517 2327 616 2382 Nostro
635 2329 693 2383 loco
713 2329 867 2396 »antiquam
884 2326 1041 2381 lectionem«
1062 2327 1277 2399 ἐνιχριμφθέντα

152 2411 333 2469 revocandam
350 2426 409 2466 esse
427 2411 532 2465 censuit
549 2412 671 2466 Gerhard
689 2412 715 2465 iu
734 2414 821 2466 Leott.
838 2411 927 2479 Apoll.
945 2426 972 2479 p.
994 2416 1050 2465 134.
1070 2416 1118 2466 135
1136 2420 1164 2464 et
1182 2412 1216 2467 ob
1234 2426 1276 2465 ra·

151 2498 253 2553 florem
270 2498 298 2551 iu
315 2497 358 2549 καλ
373 2496 472 2568 χερσὶν
491 2496 520 2547 ἐν
539 2497 684 2563 ὀκριόεντα
707 2495 914 2563 praepositionis
938 2496 966 2545 ἐν
986 2495 1176 2561 anastrophem
1194 2501 1222 2548 et
1240 2494 1275 2547 ob

152 2582 268 2639 eandem
285 2582 314 2633 λι
332 2580 559 2650 praepositionem
577 2596 594 2633 a
612 2579 778 2633 substantivo
802 2595 850 2632 suo
867 2579 962 2631 vitiosa
985 2592 1034 2645 per
1052 2592 1190 2632 caesuram
1208 2577 1273 2631 diri·

152 2680 217 2723 nm.
248 2669 287 2721 At
303 2665 428 2734 exempla
450 2664 561 2733 abipso
580 2665 719 2719 Gerhardo
738 2663 821 2717 allata
841 2664 939 2717 docent
956 2662 1113 2716 divisionem
1130 2662 1204 2717 illam
1222 2679 1275 2717 non

152 2752 261 2807 omuino
272 2749 437 2819 singularem
449 2764 522 2817 esse;
539 2758 682 2817 praeterea
700 2764 805 2802 sonsum
816 2764 912 2815 parum
925 2754 1018 2815 aptum
1030 2747 1142 2814 praebet
1157 2749 1276 2820 ἐνιχριμ-

151 2838 268 2907 φθέντα.
286 2868 320 2878 -
339 2836 402 2888 628
418 2836 566 2904 ἀμφιφάεις
584 2835 614 2888 Β.
635 2865 669 2876 -
694 2834 757 2886 629
775 2834 854 2886 λίθον
877 2833 928 2892 ὣς·
952 2833 1017 2901 πρὶν
1042 2834 1070 2884 θ’
1094 2832 1164 2905 ἔχων
1191 2834 1275 2904 ὑγρὸν

151 2922 238 2987 δέμας
254 2920 302 2993 ἦεν
320 2923 359 2988 Δ,
382 2921 453 2975 unde
476 2920 557 2975 nolim
578 2920 675 2988 aliquis
698 2920 773 2971 λίθον
792 2919 841 2979 ὣς·
861 2919 922 2985 τρλν
942 2918 1010 2990 ἔχων
1030 2919 1058 2969 θ’
1081 2918 1165 2988 ὑγρόν
1184 2920 1207 2971 ό.
1225 2920 1274 2990 ἦεν

150 3006 194 3061 vel
218 3006 294 3059 λίθον
317 3006 367 3065 ὣς·
386 3006 440 3075 πρὸ
463 3008 567 3073 (autea)
590 3006 619 3057 δ’
637 3004 708 3076 ἔχων
728 3005 750 3059 θ.
769 3006 792 3057 ό.
810 3006 857 3075 ἦεν
882 3010 1003 3070 erueret,
1024 3003 1102 3056 λίθον
1120 3004 1135 3053 ὃ
1153 3022 1215 3073 πριν
1234 3002 1276 3074 dl.

150 3088 222 3154 rat,
245 3090 261 3141 ό
278 3086 341 3158 πρὶν
360 3088 393 3153 V,
411 3089 427 3141 ὃ
445 3089 508 3156 πρὶν
528 3088 567 3160 ἔχ.
585 3090 643 3143 reli.
662 3088 738 3143 codd.
757 3096 784 3142 et
802 3088 862 3144 edd.
880 3096 943 3141 aute
960 3089 1060 3153 Herm,
1079 3088 1125 3156 qui
1143 3088 1174 3147 ὃς
1190 3103 1239 3155 pro
1259 3088 1275 3139 ὓ

151 3172 364 3243 substituitque
383 3189 432 3241 pro
451 3174 499 3243 ἥτν
519 3175 586 3227 coni.
605 3175 715 3241 Gesner,
738 3182 769 3228 ut
789 3175 824 3227 sit
841 3172 1027 3241 paraphrasis:
1052 3171 1114 3225 odiu
1131 3170 1275 3225 habebas«.

152 3288 186 3301 -
205 3258 268 3312 629
287 3258 346 3311 οῖον
365 3260 395 3312 Β.
415 3289 446 3299 -
472 3260 535 3311 630
553 3258 618 3329 ὴότε
634 3275 683 3327 pro
702 3257 760 3312 οἵτε
778 3261 811 3326 Α,
830 3265 857 3312 et
874 3257 944 3312 idem
961 3256 1004 3310 vei
1024 3255 1088 3308 τότε
1106 3256 1172 3323 legit
1190 3257 1275 3325 epito-

151 3348 249 3410 mator,
265 3342 344 3397 malo.
365 3342 559 3412 τροοτεφόαοι
577 3344 598 3397 P
616 3350 644 3397 et
664 3342 724 3397 edd.
743 3350 806 3397 ante
823 3344 924 3410 Herm,
948 3342 993 3410 qui
1011 3342 1093 3395 tacite
1111 3356 1188 3409 corr,
1207 3359 1273 3406 τρο-

151 3426 299 3529 marii.
320 3488 352 3501 -·
376 3460 421 3515 Ad
438 3461 578 3529 ἀκρόδρυα
596 3462 643 3515 cfr.
656 3462 772 3515 Tzetzae
787 3461 868 3515 schol.
886 3461 920 3514 ad
933 3460 1000 3513 Chii,
1011 3476 1035 3513 v.
1052 3462 1099 3514 176
1118 3455 1274 3528 Σημείιοοον

151 3546 196 3599 ὅτι
214 3543 329 3613 Ὀρφεὺς
345 3544 488 3615 ἀκρόδρυα
511 3548 600 3598 πᾶσαν
622 3549 736 3616 όκῶραν
761 3547 839 3598 καλεῖ
860 3550 915 3615 (ap.
934 3545 1050 3599 Cramer.
1067 3543 1187 3599 Anccdd.
1206 3544 1273 3597 Oxx.

150 3630 194 3687 111
205 3646 233 3699 p.
243 3632 316 3697 857.)
335 3660 365 3670 -
385 3631 441 3684 631
460 3632 511 3701 ἥτε
529 3632 554 3683 οἱ
573 3632 731 3701 ἐβλάστησε
749 3632 792 3682 κολ
810 3648 861 3685 om.
874 3632 900 3685 A
916 3630 945 3683 in
963 3629 1068 3697 lacuna,
1086 3629 1173 3698 iotr’
1187 3626 1276 3680 PPai.

150 3716 177 3771 V
193 3714 257 3779 sii,
280 3714 298 3784 ἦ
321 3712 375 3769 οἵτ’
393 3717 470 3782 ΒΜ,
495 3718 546 3787 ἥτε
564 3719 589 3769 οἱ
610 3718 672 3771 iude
691 3734 708 3770 a
725 3716 815 3784 Steph.
834 3714 893 3769 edd.
922 3744 957 3754 -
984 3714 1047 3765 532
1067 3712 1162 3782 φλοίης
1179 3712 1211 3763 θ’
1232 3712 1275 3765 sd.

150 3798 330 3869 wsigeliana,
349 3814 453 3867 errore,
470 3819 516 3853 κεν
531 3801 607 3856 codd.
620 3808 648 3855 et
659 3801 718 3855 edd.
732 3808 794 3855 aute
810 3800 910 3866 Herm,
928 3798 974 3867 qui
992 3797 1023 3849 δέ
1034 3814 1067 3866 γε
1086 3796 1199 3865 scripsit.
1217 3796 1275 3849 λάϊ-

151 3900 199 3945 νος
218 3884 282 3937 dori
297 3883 376 3939 codd
388 3885 454 3938 dett.
471 3885 534 3949 aii,
552 3886 646 3946 λόϊνός
663 3887 723 3938 ἐστι
741 3885 832 3953 Steph.
851 3892 879 3938 et
890 3882 947 3937 rell.
960 3882 1021 3937 edd.
1033 3887 1097 3936 aute
1109 3882 1210 3950 Herm,
1228 3883 1275 3952 qui

151 3968 228 4021 darre
246 3968 356 4035 scripsit
372 3969 469 4037 tacite;
494 3976 567 4024 totus
590 3970 635 4025 hie
653 3985 745 4024 versus
763 3970 838 4023 deest
854 3970 882 4022 in
900 3969 925 4022 A
942 3968 970 4022 in
988 3967 1093 4022 lacuna.
1110 3998 1145 4010 -
1163 3968 1227 4021 633
1245 3968 1274 4019 δ’

150 4052 232 4123 §dola
245 4055 281 4117 Δ,
298 4054 404 4122 Tyrnh.
417 4061 445 4108 et
457 4054 547 4109 Herm.
566 4070 600 4109 ex
612 4056 725 4109 Gesuori
737 4055 898 4119 coniectura,
917 4054 1074 4122 quemfecit
1087 4055 1168 4109 etiam
1179 4053 1275 4107 Schra-
