2866 4620
619 321 831 385 „43-

160 507 240 561 etiam
258 507 350 561 Perdr.
368 537 402 547 -
421 506 463 561 82
481 504 544 557 ἀλλ’
563 504 664 568 ἐμίδεν
684 504 864 575 ὑπισχνοῦμαι
887 503 965 559 codd.
983 509 1011 558 et
1033 503 1093 559 odd.
1112 509 1180 559 anta
1198 504 1289 575 otepu

159 592 205 662 qui
224 592 271 657 ἔμ’
288 609 338 662 pro
350 593 452 656 δμέδεν
471 591 581 644 invexit.
598 590 753 645 Hermanno
773 590 941 660 »invulgata
958 590 1075 646 lectione
1094 589 1224 658 displicet
1235 605 1290 645 ver·

159 679 221 733 bum
240 679 426 748 ὑπισχνοῦμαι,
443 676 495 729 hac
513 681 586 729 certe
604 676 690 729 torma
706 716 732 728 ..
751 691 805 730 uon
817 675 945 729 usitatum
963 675 1056 744 epicis.
1089 674 1206 730 Accedit
1219 675 1288 744 qnod

158 764 200 819 ed.
218 763 278 818 Ald.
297 768 325 816 et
343 762 402 817 cod.
420 761 497 815 Paris
514 761 614 824 δμέδεν
634 761 812 831 ὑπισχνοῦμαι
828 759 937 825 habent,
962 761 1028 815 satis
1046 766 1154 814 certum
1170 760 1287 815 melioris

158 848 308 916 scripturae
331 846 482 914 vestigium.
518 846 596 900 Hauc
617 845 701 914 igitur
725 845 867 900 lectionem
889 846 993 914 recepi,
1017 846 1138 914 reposito
1165 850 1287 913 στοῦμοι

158 934 308 988 Favorinus
326 935 447 1000 στεῦται,
465 931 682 998 διαβεβαιοῦται,
701 932 894 1001 ῦιιισχνεῖταιι.
924 930 1088 984 Dubitanter
1104 938 1219 986 secutus
1230 948 1285 989 sum

156 1017 347 1087 Hermanuum,
366 1019 429 1072 licet
445 1018 525 1072 huius
542 1017 625 1083 verbi,
646 1023 676 1070 ut
695 1018 776 1069 etiam
795 1015 865 1069 Wiel
883 1015 1022 1069 annotavit
1040 1031 1065 1083 p.
1085 1019 1129 1083 38,
1148 1016 1217 1071 alibi
1233 1032 1285 1073 uon

157 1103 208 1158 nisi
226 1108 338 1157 στεῦται
356 1111 384 1158 et
401 1108 504 1156 στεῦτο
526 1104 628 1157 formae
652 1101 828 1155 inveniantur.
865 1101 1012 1155 Hermanni
1030 1100 1186 1156 emendatio
1205 1102 1285 1157 etiam

156 1188 270 1243 Lehrsio
289 1189 409 1257 (Quaest.
422 1190 492 1256 Epp.
505 1204 531 1255 p.
544 1191 606 1255 330)
625 1203 677 1241 uon
690 1186 773 1240 dubia
785 1187 843 1240 risa
861 1195 909 1240 est.
940 1186 1014 1241 Nihil
1027 1186 1101 1240 valet
1119 1187 1195 1255 qnod
1212 1204 1287 1257 prse-

156 1277 231 1327 torea
248 1273 320 1327 Wiel
342 1290 369 1341 p.
388 1277 422 1328 33
442 1279 536 1327 contra
554 1273 645 1326 Herm.
664 1271 784 1340 scripsit:
813 1273 943 1326 »Accedit
961 1278 999 1338 ut,
1020 1271 1134 1340 siquod
1153 1272 1283 1328 Hermas·

155 1373 206 1412 nus
222 1357 298 1411 iubet
316 1358 428 1426 legeris,
452 1365 534 1425 poeta
552 1357 693 1426 gloriosius
718 1358 752 1410 de
770 1373 799 1411 se
817 1359 875 1426 ipso
894 1357 968 1426 loqui
985 1358 1126 1424 videatur,
1152 1359 1201 1427 qui
1218 1360 1285 1415 aliae

156 1458 225 1510 quae
244 1442 327 1496 tradit
344 1443 378 1495 ab
391 1443 490 1495 Hermo
502 1457 531 1496 se
543 1443 678 1510 accepisse
691 1441 811 1496 modeste
823 1443 966 1497 fateatur«.
991 1443 1045 1498 cfr.
1059 1443 1132 1497 enim
1145 1460 1171 1499 v.
1183 1448 1285 1501 ao-aa

155 1526 201 1578 καί
213 1545 259 1590 μιν
347 1528 445 1581 λέοντα
463 1528 549 1580 δεινὸν
568 1527 611 1579 καί
629 1528 734 1580 λαοῖσιν
753 1527 859 1580 ἐοικότα
877 1529 982 1593 δαίμονι
1003 1529 1063 1581 τού
1076 1528 1122 1588 ξω
1139 1536 1194 1586 eto.
1216 1530 1285 1587 Wiol

155 1612 213 1679 ipse
244 1613 305 1664 ἀλλ’
333 1612 380 1677 ἔμ’
408 1613 473 1665 ἕῦεν
501 1616 614 1665 στεῦται
640 1613 761 1680 scripsit,
789 1613 861 1680 quod
890 1613 946 1668 sad
973 1612 1140 1668 Mercurium
1167 1616 1284 1672 releren-

156 1696 231 1764 dum,
255 1699 330 1753 cuius
352 1699 452 1753 mentio
471 1699 596 1751 inversu
617 1698 714 1752 abhinc
737 1698 831 1766 quinto
855 1697 928 1752 facta
949 1704 991 1752 est
1013 1696 1081 1751 οὔδ’
1101 1699 1151 1751 ὑπ’
1171 1701 1282 1773 ἀρωγὴν

159 1781 309 1852 θεσπεσίην
335 1785 454 1852 φυγέτην
484 1781 695 1852 Φαεσιμβρότοο
723 1783 753 1833 ἐκ
775 1783 928 1852 κακότητος.
966 1784 1054 1838 Huius
1078 1785 1151 1838 onim
1176 1787 1283 1841 nomina

155 1866 282 1935 iussuque
301 1882 329 1920 se
346 1867 497 1921 hominibus
515 1867 585 1921 dona
602 1867 673 1922 ferre
691 1873 774 1935 poeto
791 1867 857 1934 ipsis
872 1867 966 1935 primis
984 1866 1064 1922 huius
1081 1872 1210 1927 carminis
1226 1886 1283 1929 rer·

156 1953 228 2006 sibus
245 1953 426 2022 pronuntiat«.
465 1953 647 2007 certissimum
672 1959 762 2006 autem
787 1951 982 2006 emendationis
1006 1969 1070 2006 suae
1093 1953 1284 2013 adminiculum

154 2039 270 2092 existere
287 2045 367 2106 putat
382 2037 453 2091 Wiel
473 2053 509 2091 ue
527 2053 606 2090 versu
625 2037 804 2105 subsequente
821 2040 856 2090 84
879 2040 958 2103 φῶτα
977 2037 1007 2089 δὲ
1025 2038 1128 2107 δίζηται
1146 2041 1283 2112 suindp-

154 2123 220 2189 διον,
237 2124 266 2183 δι
283 2141 329 2174 κεν
347 2125 471 2185 ἑκάστου,
491 2123 537 2176 ubi
550 2122 630 2176 tertia
642 2138 767 2189 persona,
786 2138 855 2189 quae
867 2137 958 2176 veram
970 2123 1111 2191 superiora
1123 2126 1284 2182 emendandi

153 2209 224 2262 viam
246 2216 395 2263 monstrare
419 2214 541 2275 poterat,
565 2224 647 2275 quum
665 2223 682 2262 a
700 2208 799 2261 criticis
822 2224 876 2262 uon
901 2208 1112 2275 intelligeretur,
1136 2224 1283 2278 perperam

153 2300 257 2347 mumta
280 2299 321 2347 est
344 2295 372 2346 in
390 2294 521 2362 δίζημαιι.
551 2291 603 2346 Sed
621 2294 706 2360 primo
729 2289 937 2362 Φαεσιμβρδτοιι
956 2292 1061 2346 etiamsi
1079 2284 1107 2345 in
1124 2298 1205 2349 textu
1222 2295 1284 2351 reli·

154 2383 227 2431 ctum
245 2384 316 2431 esset
334 2386 368 2445 (r.
380 2379 433 2445 77),
452 2377 556 2445 lougius
568 2384 700 2431 remotum
712 2383 790 2444 esset,
809 2394 890 2445 quam
908 2384 939 2431 ut
955 2378 984 2431 in
1001 2394 1025 2431 v.
1038 2381 1071 2431 82
1089 2379 1169 2445 qnasi
1185 2381 1285 2447 prima·

153 2462 195 2516 ria
212 2463 401 2517 enuntiationis
413 2477 476 2529 pars
489 2462 658 2530 subintellegi
674 2469 775 2529 posset,
795 2461 890 2516 deinde
908 2469 998 2516 autem
1011 2462 1083 2531 quod
1095 2465 1283 2530 gravissimum

153 2556 208 2615 est,
231 2548 437 2620 Φαεσίμβροτος
459 2557 557 2620 poetae
574 2557 665 2605 nostro
687 2565 792 2618 semper
812 2555 847 2617 (v.
868 2554 915 2604 129
935 2557 962 2602 et
982 2553 1041 2615 166)
1064 2549 1124 2617 Sol,
1147 2564 1283 2620 nusquam

152 2637 304 2692 Mercurius
316 2642 365 2706 est,
384 2643 412 2691 et
425 2638 604 2709 ὑπισχνοῦμαι
618 2637 706 2705 glossa
724 2639 758 2703 (v.
774 2640 818 2701 82)
837 2651 890 2690 non
903 2639 1023 2698 στεῦται,
1043 2634 1090 2688 sed
1102 2635 1217 2690 verbum
1229 2637 1283 2706 pri·

151 2735 212 2774 mae
232 2736 363 2787 personae
392 2721 534 2789 singularis
561 2736 595 2774 ex
619 2726 697 2774 textu
722 2721 862 2788 expulsum
891 2735 949 2774 esse
976 2720 1071 2773 innuit.
1113 2719 1194 2774 (ladit
1217 2736 1281 2790 orgo

151 2805 244 2860 Wielii
261 2807 431 2860 ratiocinatio
450 2808 530 2861 etiam
549 2805 581 2860 da
600 2824 623 2862 r.
642 2811 683 2860 84.
702 2839 734 2847 -
753 2807 874 2878 κειμηλία
892 2807 1112 2869 ἀπειδομένοισιν
1130 2805 1170 2872 Β;
1188 2808 1282 2860 erardo·

150 2890 255 2953 μένοισι
265 2891 296 2942 Μ
308 2890 329 2943 Ρ
341 2892 366 2944 V
384 2897 412 2943 et
430 2890 489 2944 edd.
508 2897 570 2945 aute
581 2891 673 2945 Herm.
692 2892 738 2960 qui
756 2892 840 2945 tacite
858 2907 927 2946 corr.
941 2923 976 2932 —
993 2892 1036 2943 83
1053 2890 1182 2957 ἀφνειοῖο
1202 2893 1280 2949 codd.

152 2980 180 3027 et
198 2975 257 3029 edd.
275 2981 338 3029 ante
357 2975 449 3042 Steph.
464 3007 489 3015 -
511 2977 554 3028 84
566 2975 688 3046 δείξηται
706 2976 779 3041 ΒΜ,
799 2977 859 3030 Pin
872 2981 957 3039 textu,
975 2977 1032 3030 Pal.
1044 2977 1077 3041 V,
1097 2975 1237 3045 δίζηταιΡ
1253 2978 1281 3031 iu

150 3074 234 3127 marg.
247 3065 274 3112 et
287 3059 345 3114 edd.
359 3064 421 3113 ante
439 3062 531 3116 Herm.
545 3062 590 3129 qui
608 3061 714 3131 δίζημαι
726 3060 818 3124 edidit,
837 3061 1036 3115 contradicente
1050 3060 1159 3124 Wiolio‚
1178 3063 1213 3117 do
1227 3078 1280 3133 qno

150 3159 174 3200 v.
187 3145 222 3199 ad
239 3161 263 3199 o.
276 3150 317 3201 82.
336 3176 371 3186 -
389 3146 432 3198 84
449 3147 606 3216 μενοινήσει
624 3165 656 3199 τε
674 3149 754 3210 κάμοι
770 3165 802 3200 τε
820 3147 896 3202 codd.
916 3153 943 3200 et
962 3147 1020 3201 edd.
1040 3152 1103 3200 ante
1121 3146 1216 3201 Herm.
1234 3148 1280 3217 qui

150 3229 264 3284 Gesneri
281 3233 461 3286 coniecturam
479 3233 640 3302 μενοινήσαι
657 3251 689 3285 τε
707 3251 729 3284 κ.
749 3250 781 3285 τε
798 3235 909 3302 recepit.
928 3232 1021 3300 Steph.
1042 3232 1216 3301 μενοινήσειε
1234 3232 1282 3285 κά·

149 3333 196 3378 μοι
208 3333 240 3368 τε
253 3318 412 3371 ooniecerat.
442 3318 543 3372 Mirum
556 3325 598 3372 est
609 3318 736 3372 Wiolium
748 3335 774 3386 p.
789 3323 819 3372 15
838 3319 866 3371 in
884 3317 1029 3372 indicativo
1047 3317 1132 3371 futuri
1149 3317 1190 3371 sie
1206 3317 1279 3373 inter

150 3399 219 3454 duos
237 3404 372 3470 optativus
388 3404 476 3471 posito
494 3420 547 3458 non
569 3403 711 3459 offendisse
728 3411 809 3472 atque
828 3404 908 3458 etiem
927 3405 1052 3458 inversu
1070 3409 1201 3471 sequente
1221 3404 1279 3465 der·

147 3486 251 3552 μεείνοι
273 3488 423 3542 retinuisse.
452 3520 486 3531 -
515 3490 557 3541 86
576 3489 605 3548 ὃς
622 3508 652 3541 κε
671 3490 719 3543 διδ.
738 3490 776 3542 Μ.
796 3490 906 3549 οίδότας
924 3491 954 3543 Β.
979 3489 1126 3559 ἐξερεείνοι
1152 3488 1279 3543 cedebat

147 3570 206 3624 edd.
220 3577 282 3625 ante
294 3573 385 3627 Herm.
405 3590 447 3627 vv.
459 3577 562 3630 87-90
581 3580 674 3628 extant
691 3575 719 3628 in
735 3590 807 3628 exeo.
821 3575 892 3630 Vatt.
914 3575 1001 3628 exesis
1018 3574 1116 3627 litteris
1133 3572 1225 3629 hisce:
1244 3576 1279 3631 87

147 3674 200 3708 οισι
218 3659 261 3710 καί
281 3656 383 3727 ἔργοις,
401 3662 434 3712 89
453 3677 513 3718 ντες
531 3660 576 3711 ἀν’
595 3661 704 3729 αἰθέρα.
717 3691 750 3700 -
769 3660 811 3712 87
823 3659 939 3722 καμάται
957 3659 1013 3713 Pal.
1032 3688 1061 3697 —
1082 3658 1125 3710 88
1143 3658 1280 3729 εὐρύοιπο

147 3742 170 3794 Β
185 3742 207 3795 Ρ
220 3742 275 3796 Pal.
289 3745 321 3798 V.
334 3744 388 3797 aii.
403 3775 433 3783 -
453 3746 541 3808 δῶμεν
554 3745 585 3798 Β.
604 3746 686 3797 αὐτόν
705 3745 794 3813 recepi
811 3761 844 3798 ex
856 3760 930 3799 exce.
944 3744 1016 3798 Vatt.
1030 3743 1112 3795 αὐτοί
1126 3743 1280 3803 rell..codd.

147 3831 175 3878 et
199 3825 257 3879 edd.
278 3828 462 3889 ἀνατνοῦντες
486 3828 562 3884 codd.
586 3836 615 3882 et
638 3829 697 3883 edd.
715 3836 777 3884 ante
802 3830 894 3898 Steph.
916 3830 963 3899 qui
987 3830 1062 3884 Porti
1085 3829 1281 3901 coniecturam,
1327 3828 1343 3875 ἰ

147 3910 210 3962 αἰνὰ
237 3916 387 3972 πονοῦντες
413 3914 516 3982 recepit
541 3920 649 3969 secutus
674 3930 691 3968 a
713 3915 770 3968 rell.
794 3916 955 3978 editoribus,
982 3921 1092 3983 praeter
1117 3914 1212 3970 Herm.
1233 3918 1281 3987 qni

147 3995 334 4056 ἀναπνοῦντες
345 3999 477 4066 glossema
490 4015 548 4054 esso
559 4000 634 4054 verbi
646 4000 841 4062 ἀσθμαίνοντες
852 4007 925 4055 recte
938 4000 1013 4055 vidit.
1039 4001 1077 4055 Et
1088 4002 1245 4065 ἀσθμαίνο.
1257 4046 1281 4061 ..

147 4079 234 4134 adhuc
253 4088 329 4135 extat
345 4083 374 4136 in
392 4098 464 4139 exce.
483 4086 557 4139 Vatt.
575 4085 772 4149 ἀσθμαίνοντες
783 4086 867 4140 veluti
884 4087 974 4154 glossa
986 4102 1068 4154 supra
1086 4086 1282 4152 δνατνσῦντες
