<?xml version="1.0" encoding="UTF-8"?>
<!DOCTYPE html PUBLIC "-//W3C//DTD XHTML 1.0 Transitional//EN"
    "http://www.w3.org/TR/xhtml1/DTD/xhtml1-transitional.dtd">
<html xmlns="http://www.w3.org/1999/xhtml" xml:lang="en" lang="en">
 <head>
  <title>
</title>
<meta http-equiv="Content-Type" content="text/html;charset=utf-8" />
  <meta name='ocr-system' content='tesseract 3.04.00' />
  <meta name='ocr-capabilities' content='ocr_page ocr_carea ocr_par ocr_line ocrx_word'/>
</head>
<body>
  <div class='ocr_page' id='page_1' title='image "./orpheilithica00orphgoog_0076.png"; bbox 0 0 2866 4620; ppageno 0'>
   <div class='ocr_carea' id='block_1_1' title="bbox 620 354 828 417">
    <p class='ocr_par' dir='ltr' id='par_1_1' title="bbox 620 354 828 417">
     <span class='ocr_line' id='line_1_1' title="bbox 620 354 828 417; baseline -0.043 -17"><span class='ocrx_word' id='word_1_1' title='bbox 620 354 737 417; x_wconf 76' lang='grc'>..67</span> <span class='ocrx_word' id='word_1_2' title='bbox 784 385 828 402; x_wconf 67' lang='grc'><strong>,,</strong></span> 
     </span>
    </p>
   </div>
   <div class='ocr_carea' id='block_1_2' title="bbox 104 532 1318 4249">
    <p class='ocr_par' dir='ltr' id='par_1_2' title="bbox 104 532 1318 4249">
     <span class='ocr_line' id='line_1_2' title="bbox 159 532 1287 609; baseline 0.012 -23"><span class='ocrx_word' id='word_1_3' title='bbox 159 533 213 588; x_wconf 88' lang='lat' dir='ltr'><strong>iam</strong></span> <span class='ocrx_word' id='word_1_4' title='bbox 231 532 341 587; x_wconf 86' lang='lat' dir='ltr'><strong>definita</strong></span> <span class='ocrx_word' id='word_1_5' title='bbox 359 549 417 588; x_wconf 89' lang='lat' dir='ltr'><strong>esse</strong></span> <span class='ocrx_word' id='word_1_6' title='bbox 436 533 529 597; x_wconf 89' lang='lat' dir='ltr'><strong>debet,</strong></span> <span class='ocrx_word' id='word_1_7' title='bbox 548 535 622 591; x_wconf 91' lang='lat' dir='ltr'><strong>aliud</strong></span> <span class='ocrx_word' id='word_1_8' title='bbox 640 536 705 604; x_wconf 88' lang='lat' dir='ltr'><strong>quid</strong></span> <span class='ocrx_word' id='word_1_9' title='bbox 722 536 811 601; x_wconf 81' lang='lat' dir='ltr'><strong>addit,</strong></span> <span class='ocrx_word' id='word_1_10' title='bbox 835 538 907 606; x_wconf 89' lang='lat' dir='ltr'><strong>quod</strong></span> <span class='ocrx_word' id='word_1_11' title='bbox 925 539 960 593; x_wconf 89' lang='lat' dir='ltr'><strong>ad</strong></span> <span class='ocrx_word' id='word_1_12' title='bbox 977 540 1063 609; x_wconf 85' lang='lat' dir='ltr'><strong>ipsam</strong></span> <span class='ocrx_word' id='word_1_13' title='bbox 1081 541 1216 598; x_wconf 90' lang='lat' dir='ltr'><strong>notionem</strong></span> <span class='ocrx_word' id='word_1_14' title='bbox 1234 560 1287 600; x_wconf 91' lang='lat' dir='ltr'><strong>non</strong></span> 
     </span>
     <span class='ocr_line' id='line_1_3' title="bbox 160 618 1287 695; baseline 0.011 -23"><span class='ocrx_word' id='word_1_15' title='bbox 160 624 201 672; x_wconf 89' lang='lat' dir='ltr'><strong>est</strong></span> <span class='ocrx_word' id='word_1_16' title='bbox 218 618 398 672; x_wconf 87' lang='lat' dir='ltr'><strong>necessarium</strong></span> <span class='ocrx_word' id='word_1_17' title='bbox 503 620 589 687; x_wconf 89' lang='lat' dir='ltr'><strong>ipsam</strong></span> <span class='ocrx_word' id='word_1_18' title='bbox 605 636 668 675; x_wconf 86' lang='lat' dir='ltr'><strong>vero</strong></span> <span class='ocrx_word' id='word_1_19' title='bbox 687 622 823 676; x_wconf 89' lang='lat' dir='ltr'><strong>notionem</strong></span> <span class='ocrx_word' id='word_1_20' title='bbox 841 621 994 678; x_wconf 83' lang='lat' dir='ltr'><strong>definitione</strong></span> <span class='ocrx_word' id='word_1_21' title='bbox 1013 626 1188 695; x_wconf 90' lang='lat' dir='ltr'><strong>constituere,</strong></span> <span class='ocrx_word' id='word_1_22' title='bbox 1206 628 1235 683; x_wconf 93' lang='lat' dir='ltr'><strong>id</strong></span> <span class='ocrx_word' id='word_1_23' title='bbox 1252 629 1287 684; x_wconf 81' lang='lat' dir='ltr'><strong>ab</strong></span> 
     </span>
     <span class='ocr_line' id='line_1_4' title="bbox 160 705 1286 778; baseline 0.008 -18"><span class='ocrx_word' id='word_1_24' title='bbox 160 707 202 761; x_wconf 89' lang='lat' dir='ltr'><strong>bis</strong></span> <span class='ocrx_word' id='word_1_25' title='bbox 220 706 419 775; x_wconf 85' lang='lat' dir='ltr'>pronominibus</span> <span class='ocrx_word' id='word_1_26' title='bbox 437 713 519 774; x_wconf 86' lang='lat' dir='ltr'><strong>atque</strong></span> <span class='ocrx_word' id='word_1_27' title='bbox 536 705 670 761; x_wconf 74' lang='lat' dir='ltr'><strong>adverbiis</strong></span> <span class='ocrx_word' id='word_1_28' title='bbox 691 707 771 778; x_wconf 72' lang='lat' dir='ltr'><strong>[dada</strong></span> <span class='ocrx_word' id='word_1_29' title='bbox 789 710 831 778; x_wconf 79' lang='grc' dir='ltr'><strong>τι]</strong></span> <span class='ocrx_word' id='word_1_30' title='bbox 853 708 969 762; x_wconf 88' lang='lat' dir='ltr'><strong>alienum</strong></span> <span class='ocrx_word' id='word_1_31' title='bbox 987 716 1047 763; x_wconf 91' lang='lat' dir='ltr'><strong>est.</strong></span> <span class='ocrx_word' id='word_1_32' title='bbox 1061 751 1067 763; x_wconf 96' lang='lat'><strong>.</strong></span> <span class='ocrx_word' id='word_1_33' title='bbox 1081 750 1107 764; x_wconf 92' lang='lat'><strong>..</strong></span> <span class='ocrx_word' id='word_1_34' title='bbox 1129 712 1172 765; x_wconf 91' lang='lat' dir='ltr'><strong>lta</strong></span> <span class='ocrx_word' id='word_1_35' title='bbox 1190 713 1242 767; x_wconf 94' lang='lat' dir='ltr'><strong>boc</strong></span> <span class='ocrx_word' id='word_1_36' title='bbox 1258 714 1286 769; x_wconf 91' lang='lat' dir='ltr'><strong>iu</strong></span> 
     </span>
     <span class='ocr_line' id='line_1_5' title="bbox 144 778 1286 865; baseline 0.007 -19"><span class='ocrx_word' id='word_1_37' title='bbox 144 778 219 847; x_wconf 65' lang='lat' dir='ltr'><strong>&#39;loco</strong></span> <span class='ocrx_word' id='word_1_38' title='bbox 237 790 294 844; x_wconf 77' lang='grc' dir='ltr'><em>οἵτε</em></span> <span class='ocrx_word' id='word_1_39' title='bbox 312 792 408 846; x_wconf 87' lang='lat' dir='ltr'><strong>Graeci</strong></span> <span class='ocrx_word' id='word_1_40' title='bbox 431 793 561 846; x_wconf 89' lang='lat' dir='ltr'><strong>sermonis</strong></span> <span class='ocrx_word' id='word_1_41' title='bbox 583 800 680 847; x_wconf 91' lang='lat' dir='ltr'><strong>natura</strong></span> <span class='ocrx_word' id='word_1_42' title='bbox 701 793 852 861; x_wconf 78' lang='lat' dir='ltr'>postularet</span> <span class='ocrx_word' id='word_1_43' title='bbox 878 794 913 847; x_wconf 92' lang='lat' dir='ltr'><strong>ad</strong></span> <span class='ocrx_word' id='word_1_44' title='bbox 937 795 1035 864; x_wconf 71' lang='grc' dir='ltr'><em>ἡρώων</em></span> <span class='ocrx_word' id='word_1_45' title='bbox 1057 796 1160 850; x_wconf 79' lang='lat' dir='ltr'><strong>referri.</strong></span> <span class='ocrx_word' id='word_1_46' title='bbox 1197 797 1286 865; x_wconf 80' lang='lat' dir='ltr'><strong>Quare</strong></span> 
     </span>
     <span class='ocr_line' id='line_1_6' title="bbox 160 876 1284 948; baseline 0.003 -15"><span class='ocrx_word' id='word_1_47' title='bbox 160 878 214 933; x_wconf 93' lang='lat' dir='ltr'><strong>noli</strong></span> <span class='ocrx_word' id='word_1_48' title='bbox 233 878 356 932; x_wconf 88' lang='lat' dir='ltr'><strong>dubitare</strong></span> <span class='ocrx_word' id='word_1_49' title='bbox 374 877 439 945; x_wconf 87' lang='lat' dir='ltr'><strong>quin</strong></span> <span class='ocrx_word' id='word_1_50' title='bbox 456 883 538 944; x_wconf 88' lang='lat' dir='ltr'><strong>poeta</strong></span> <span class='ocrx_word' id='word_1_51' title='bbox 555 877 693 945; x_wconf 81' lang='lat' dir='ltr'><strong>scripserit</strong></span> <span class='ocrx_word' id='word_1_52' title='bbox 711 876 742 929; x_wconf 84' lang='grc' dir='ltr'><strong>σί</strong></span> <span class='ocrx_word' id='word_1_53' title='bbox 754 895 785 929; x_wconf 77' lang='grc' dir='ltr'><strong>κε</strong></span> <span class='ocrx_word' id='word_1_54' title='bbox 803 879 955 948; x_wconf 71' lang='grc' dir='ltr'><em>φορέουσιν,</em></span> <span class='ocrx_word' id='word_1_55' title='bbox 974 886 1005 933; x_wconf 90' lang='lat' dir='ltr'><strong>ut</strong></span> <span class='ocrx_word' id='word_1_56' title='bbox 1024 881 1171 944; x_wconf 82' lang='lat' dir='ltr'><strong>Homerus,</strong></span> <span class='ocrx_word' id='word_1_57' title='bbox 1191 883 1221 944; x_wconf 78' lang='grc' dir='ltr'><strong>ὅς</strong></span> <span class='ocrx_word' id='word_1_58' title='bbox 1238 901 1284 936; x_wconf 80' lang='grc' dir='ltr'><strong>κεν</strong></span> 
     </span>
     <span class='ocr_line' id='line_1_7' title="bbox 158 960 1286 1036; baseline 0.009 -21"><span class='ocrx_word' id='word_1_59' title='bbox 158 965 274 1033; x_wconf 75' lang='grc' dir='ltr'><em>ἀριστῆν</em></span> <span class='ocrx_word' id='word_1_60' title='bbox 286 962 389 1030; x_wconf 76' lang='grc' dir='ltr'><em>βουλὴν</em></span> <span class='ocrx_word' id='word_1_61' title='bbox 405 960 570 1032; x_wconf 81' lang='grc' dir='ltr'><em>βοολεύσῃι.</em></span> <span class='ocrx_word' id='word_1_62' title='bbox 597 962 682 1016; x_wconf 88' lang='lat' dir='ltr'><strong>Recte</strong></span> <span class='ocrx_word' id='word_1_63' title='bbox 697 964 764 1018; x_wconf 89' lang='lat' dir='ltr'><strong>haec</strong></span> <span class='ocrx_word' id='word_1_64' title='bbox 776 965 880 1026; x_wconf 72' lang='lat' dir='ltr'><strong>Herna,</strong></span> <span class='ocrx_word' id='word_1_65' title='bbox 893 964 1009 1019; x_wconf 86' lang='lat' dir='ltr'><strong>babetA</strong></span> <span class='ocrx_word' id='word_1_66' title='bbox 1028 983 1134 1036; x_wconf 86' lang='lat' dir='ltr'><strong>quoque</strong></span> <span class='ocrx_word' id='word_1_67' title='bbox 1146 968 1173 1021; x_wconf 83' lang='grc' dir='ltr'><strong>οἳ</strong></span> <span class='ocrx_word' id='word_1_68' title='bbox 1182 969 1244 1023; x_wconf 80' lang='grc' dir='ltr'><em>καί.</em></span> <span class='ocrx_word' id='word_1_69' title='bbox 1259 1011 1265 1026; x_wconf 87' lang='grc'><strong>.</strong></span> <span class='ocrx_word' id='word_1_70' title='bbox 1279 1011 1286 1025; x_wconf 91' lang='grc'><strong>.</strong></span> 
     </span>
     <span class='ocr_line' id='line_1_8' title="bbox 158 1045 1285 1125; baseline 0.01 -25"><span class='ocrx_word' id='word_1_71' title='bbox 158 1049 286 1118; x_wconf 72' lang='grc' dir='ltr'><em>φορέουσι,</em></span> <span class='ocrx_word' id='word_1_72' title='bbox 301 1079 329 1087; x_wconf 95' lang='grc'>-</span> <span class='ocrx_word' id='word_1_73' title='bbox 344 1045 401 1115; x_wconf 54' lang='lat' dir='ltr'><strong>aba</strong></span> <span class='ocrx_word' id='word_1_74' title='bbox 414 1050 485 1100; x_wconf 85' lang='grc' dir='ltr'><em>θεοῦ</em></span> <span class='ocrx_word' id='word_1_75' title='bbox 493 1049 563 1117; x_wconf 73' lang='grc' dir='ltr'><em>μέγα</em></span> <span class='ocrx_word' id='word_1_76' title='bbox 576 1048 599 1100; x_wconf 84' lang='lat' dir='ltr'><strong>d.</strong></span> <span class='ocrx_word' id='word_1_77' title='bbox 615 1049 655 1100; x_wconf 81' lang='grc' dir='ltr'><strong>ἐπ.</strong></span> <span class='ocrx_word' id='word_1_78' title='bbox 669 1049 817 1117; x_wconf 79' lang='grc' dir='ltr'><em>φορέουσιν</em></span> <span class='ocrx_word' id='word_1_79' title='bbox 830 1050 898 1104; x_wconf 83' lang='lat' dir='ltr'><strong>coni.</strong></span> <span class='ocrx_word' id='word_1_80' title='bbox 909 1050 1042 1106; x_wconf 80' lang='lat' dir='ltr'><strong>Schaefor</strong></span> <span class='ocrx_word' id='word_1_81' title='bbox 1053 1053 1116 1110; x_wconf 81' lang='lat' dir='ltr'><strong>Mel.</strong></span> <span class='ocrx_word' id='word_1_82' title='bbox 1129 1055 1192 1110; x_wconf 77' lang='lat' dir='ltr'><strong>crit.</strong></span> <span class='ocrx_word' id='word_1_83' title='bbox 1207 1071 1233 1124; x_wconf 82' lang='lat' dir='ltr'><strong>p.</strong></span> <span class='ocrx_word' id='word_1_84' title='bbox 1243 1061 1285 1125; x_wconf 87' lang='grc'><strong>30,</strong></span> 
     </span>
     <span class='ocr_line' id='line_1_9' title="bbox 158 1132 1318 1211; baseline 0.007 -24"><span class='ocrx_word' id='word_1_85' title='bbox 158 1132 292 1187; x_wconf 87' lang='lat' dir='ltr'><strong>relutatus</strong></span> <span class='ocrx_word' id='word_1_86' title='bbox 315 1133 349 1186; x_wconf 92' lang='lat' dir='ltr'><strong>ab</strong></span> <span class='ocrx_word' id='word_1_87' title='bbox 367 1133 521 1187; x_wconf 75' lang='lat' dir='ltr'>Hermanno</span> <span class='ocrx_word' id='word_1_88' title='bbox 545 1133 573 1187; x_wconf 94' lang='lat' dir='ltr'><strong>in</strong></span> <span class='ocrx_word' id='word_1_89' title='bbox 591 1133 790 1188; x_wconf 85' lang='lat' dir='ltr'><strong>Incredibilium</strong></span> <span class='ocrx_word' id='word_1_90' title='bbox 808 1134 889 1190; x_wconf 89' lang='lat' dir='ltr'><strong>Libro</strong></span> <span class='ocrx_word' id='word_1_91' title='bbox 907 1153 934 1204; x_wconf 88' lang='lat' dir='ltr'><strong>p.</strong></span> <span class='ocrx_word' id='word_1_92' title='bbox 952 1139 1004 1191; x_wconf 80' lang='grc'><strong>333</strong></span> <span class='ocrx_word' id='word_1_93' title='bbox 1031 1136 1138 1204; x_wconf 82' lang='lat' dir='ltr'><strong>(Opust.</strong></span> <span class='ocrx_word' id='word_1_94' title='bbox 1157 1140 1209 1195; x_wconf 85' lang='lat' dir='ltr'><strong>vol.</strong></span> <span class='ocrx_word' id='word_1_95' title='bbox 1227 1142 1284 1211; x_wconf 84' lang='lat' dir='ltr'><strong>IV).</strong></span> <span class='ocrx_word' id='word_1_96' title='bbox 1313 1139 1318 1147; x_wconf 87' lang='lat'>&#39;</span> 
     </span>
     <span class='ocr_line' id='line_1_10' title="bbox 159 1217 1285 1288; baseline 0.008 -17"><span class='ocrx_word' id='word_1_97' title='bbox 159 1250 188 1259; x_wconf 89' lang='lat'>-</span> <span class='ocrx_word' id='word_1_98' title='bbox 208 1236 231 1272; x_wconf 89' lang='grc' dir='ltr'><strong>ν.</strong></span> <span class='ocrx_word' id='word_1_99' title='bbox 252 1219 315 1270; x_wconf 83' lang='grc'><strong>303</strong></span> <span class='ocrx_word' id='word_1_100' title='bbox 337 1219 365 1271; x_wconf 94' lang='lat' dir='ltr'><strong>in</strong></span> <span class='ocrx_word' id='word_1_101' title='bbox 388 1217 464 1271; x_wconf 85' lang='lat' dir='ltr'><strong>codd.</strong></span> <span class='ocrx_word' id='word_1_102' title='bbox 484 1225 512 1271; x_wconf 87' lang='lat' dir='ltr'><strong>et</strong></span> <span class='ocrx_word' id='word_1_103' title='bbox 530 1217 589 1271; x_wconf 90' lang='lat' dir='ltr'><strong>edd.</strong></span> <span class='ocrx_word' id='word_1_104' title='bbox 608 1225 671 1272; x_wconf 88' lang='lat' dir='ltr'><strong>unte</strong></span> <span class='ocrx_word' id='word_1_105' title='bbox 694 1219 785 1275; x_wconf 83' lang='lat' dir='ltr'><strong>Herm.</strong></span> <span class='ocrx_word' id='word_1_106' title='bbox 803 1221 937 1288; x_wconf 89' lang='lat' dir='ltr'><strong>prioribus</strong></span> <span class='ocrx_word' id='word_1_107' title='bbox 954 1220 1074 1275; x_wconf 87' lang='lat' dir='ltr'><strong>adnexus</strong></span> <span class='ocrx_word' id='word_1_108' title='bbox 1092 1230 1140 1277; x_wconf 89' lang='lat' dir='ltr'><strong>est.</strong></span> <span class='ocrx_word' id='word_1_109' title='bbox 1179 1225 1243 1279; x_wconf 88' lang='lat' dir='ltr'><strong>Post</strong></span> <span class='ocrx_word' id='word_1_110' title='bbox 1260 1243 1285 1281; x_wconf 82' lang='lat' dir='ltr'><strong>v.</strong></span> 
     </span>
     <span class='ocr_line' id='line_1_11' title="bbox 158 1302 1285 1378; baseline 0.002 -19"><span class='ocrx_word' id='word_1_111' title='bbox 158 1307 208 1359; x_wconf 82' lang='lat'><strong>306</strong></span> <span class='ocrx_word' id='word_1_112' title='bbox 226 1303 320 1357; x_wconf 89' lang='lat' dir='ltr'><strong>titulus</strong></span> <span class='ocrx_word' id='word_1_113' title='bbox 337 1306 468 1371; x_wconf 72' lang='grc' dir='ltr'><em>μαννῆτις</em></span> <span class='ocrx_word' id='word_1_114' title='bbox 484 1303 512 1355; x_wconf 95' lang='lat' dir='ltr'><strong>in</strong></span> <span class='ocrx_word' id='word_1_115' title='bbox 530 1303 591 1357; x_wconf 87' lang='lat' dir='ltr'><strong>MP</strong></span> <span class='ocrx_word' id='word_1_116' title='bbox 610 1309 637 1356; x_wconf 90' lang='lat' dir='ltr'><strong>et</strong></span> <span class='ocrx_word' id='word_1_117' title='bbox 655 1302 714 1358; x_wconf 92' lang='lat' dir='ltr'><strong>edd.</strong></span> <span class='ocrx_word' id='word_1_118' title='bbox 732 1312 795 1358; x_wconf 89' lang='lat' dir='ltr'><strong>ante</strong></span> <span class='ocrx_word' id='word_1_119' title='bbox 813 1305 932 1374; x_wconf 79' lang='lat' dir='ltr'><strong>Tyrab,</strong></span> <span class='ocrx_word' id='word_1_120' title='bbox 956 1307 1019 1375; x_wconf 80' lang='grc' dir='ltr'><em>περί</em></span> <span class='ocrx_word' id='word_1_121' title='bbox 1042 1308 1202 1378; x_wconf 74' lang='grc' dir='ltr'><em>μαγνήτεως</em></span> <span class='ocrx_word' id='word_1_122' title='bbox 1218 1311 1285 1375; x_wconf 86' lang='lat' dir='ltr'><strong>Pal,</strong></span> 
     </span>
     <span class='ocr_line' id='line_1_12' title="bbox 158 1388 1283 1464; baseline 0.009 -24"><span class='ocrx_word' id='word_1_123' title='bbox 158 1389 222 1458; x_wconf 74' lang='grc' dir='ltr'><em>περὶ</em></span> <span class='ocrx_word' id='word_1_124' title='bbox 239 1406 397 1459; x_wconf 81' lang='grc' dir='ltr'><em>μαχνητεονς</em></span> <span class='ocrx_word' id='word_1_125' title='bbox 415 1388 491 1441; x_wconf 87' lang='grc' dir='ltr'><em>λίθον</em></span> <span class='ocrx_word' id='word_1_126' title='bbox 504 1388 564 1456; x_wconf 77' lang='lat' dir='ltr'><strong>(sic)</strong></span> <span class='ocrx_word' id='word_1_127' title='bbox 577 1388 609 1450; x_wconf 90' lang='lat' dir='ltr'><strong>B,</strong></span> <span class='ocrx_word' id='word_1_128' title='bbox 629 1389 693 1458; x_wconf 76' lang='grc' dir='ltr'><em>περὶ</em></span> <span class='ocrx_word' id='word_1_129' title='bbox 709 1391 864 1458; x_wconf 76' lang='grc' dir='ltr'><em>μαχνήτεας</em></span> <span class='ocrx_word' id='word_1_130' title='bbox 883 1392 911 1443; x_wconf 89' lang='lat' dir='ltr'><strong>V.</strong></span> <span class='ocrx_word' id='word_1_131' title='bbox 925 1393 950 1444; x_wconf 90' lang='lat' dir='ltr'>A</span> <span class='ocrx_word' id='word_1_132' title='bbox 967 1407 1047 1446; x_wconf 78' lang='lat' dir='ltr'><strong>versu</strong></span> <span class='ocrx_word' id='word_1_133' title='bbox 1064 1395 1116 1447; x_wconf 84' lang='grc'><strong>307</strong></span> <span class='ocrx_word' id='word_1_134' title='bbox 1134 1395 1159 1446; x_wconf 88' lang='lat' dir='ltr'><strong>A</strong></span> <span class='ocrx_word' id='word_1_135' title='bbox 1178 1411 1283 1464; x_wconf 85' lang='lat' dir='ltr'><strong>quoque</strong></span> 
     </span>
     <span class='ocr_line' id='line_1_13' title="bbox 157 1473 1284 1543; baseline 0.005 -15"><span class='ocrx_word' id='word_1_136' title='bbox 157 1491 254 1530; x_wconf 85' lang='lat' dir='ltr'><strong>norum</strong></span> <span class='ocrx_word' id='word_1_137' title='bbox 272 1481 355 1543; x_wconf 88' lang='lat' dir='ltr'><strong>caput</strong></span> <span class='ocrx_word' id='word_1_138' title='bbox 372 1474 479 1541; x_wconf 82' lang='lat' dir='ltr'><strong>incipit3</strong></span> <span class='ocrx_word' id='word_1_139' title='bbox 498 1473 562 1541; x_wconf 79' lang='grc' dir='ltr'><em>περὶ</em></span> <span class='ocrx_word' id='word_1_140' title='bbox 579 1474 718 1543; x_wconf 77' lang='grc' dir='ltr'><em>μαγνήτοο</em></span> <span class='ocrx_word' id='word_1_141' title='bbox 735 1475 761 1527; x_wconf 85' lang='lat' dir='ltr'><strong>A</strong></span> <span class='ocrx_word' id='word_1_142' title='bbox 778 1474 805 1526; x_wconf 94' lang='lat' dir='ltr'><strong>in</strong></span> <span class='ocrx_word' id='word_1_143' title='bbox 824 1490 907 1543; x_wconf 88' lang='lat' dir='ltr'><strong>marg.</strong></span> <span class='ocrx_word' id='word_1_144' title='bbox 926 1475 960 1528; x_wconf 89' lang='lat' dir='ltr'><strong>ad</strong></span> <span class='ocrx_word' id='word_1_145' title='bbox 977 1492 1003 1531; x_wconf 78' lang='lat' dir='ltr'><strong>a.</strong></span> <span class='ocrx_word' id='word_1_146' title='bbox 1018 1482 1077 1532; x_wconf 90' lang='grc'><strong>307.</strong></span> <span class='ocrx_word' id='word_1_147' title='bbox 1096 1481 1128 1519; x_wconf 88' lang='grc'><strong>-’-</strong></span> <span class='ocrx_word' id='word_1_148' title='bbox 1147 1480 1179 1532; x_wconf 92' lang='lat' dir='ltr'><strong>ln</strong></span> <span class='ocrx_word' id='word_1_149' title='bbox 1196 1496 1220 1534; x_wconf 84' lang='lat' dir='ltr'><strong>v.</strong></span> <span class='ocrx_word' id='word_1_150' title='bbox 1233 1483 1284 1536; x_wconf 89' lang='grc'><strong>303</strong></span> 
     </span>
     <span class='ocr_line' id='line_1_14' title="bbox 157 1557 1283 1630; baseline 0.006 -18"><span class='ocrx_word' id='word_1_151' title='bbox 157 1561 235 1630; x_wconf 78' lang='grc' dir='ltr'><em>ἐνηέι·</em></span> <span class='ocrx_word' id='word_1_152' title='bbox 251 1576 300 1628; x_wconf 94' lang='lat' dir='ltr'><strong>pro</strong></span> <span class='ocrx_word' id='word_1_153' title='bbox 324 1559 414 1628; x_wconf 75' lang='grc' dir='ltr'><em>ἐνηείᾳ</em></span> <span class='ocrx_word' id='word_1_154' title='bbox 438 1557 539 1612; x_wconf 89' lang='lat' dir='ltr'><strong>dictum</strong></span> <span class='ocrx_word' id='word_1_155' title='bbox 557 1573 615 1612; x_wconf 89' lang='lat' dir='ltr'><strong>esse</strong></span> <span class='ocrx_word' id='word_1_156' title='bbox 639 1567 739 1628; x_wconf 87' lang='lat' dir='ltr'><strong>putans</strong></span> <span class='ocrx_word' id='word_1_157' title='bbox 763 1559 842 1613; x_wconf 86' lang='lat' dir='ltr'><strong>Gesn.</strong></span> <span class='ocrx_word' id='word_1_158' title='bbox 866 1560 953 1615; x_wconf 90' lang='lat' dir='ltr'><strong>locum</strong></span> <span class='ocrx_word' id='word_1_159' title='bbox 977 1562 1015 1616; x_wconf 90' lang='lat' dir='ltr'><strong>sic</strong></span> <span class='ocrx_word' id='word_1_160' title='bbox 1039 1563 1185 1618; x_wconf 74' lang='lat' dir='ltr'><strong>intellexit:</strong></span> <span class='ocrx_word' id='word_1_161' title='bbox 1214 1568 1283 1620; x_wconf 77' lang='lat' dir='ltr'><strong>»An-</strong></span> 
     </span>
     <span class='ocr_line' id='line_1_15' title="bbox 157 1643 1284 1718; baseline 0.004 -19"><span class='ocrx_word' id='word_1_162' title='bbox 157 1645 243 1700; x_wconf 86' lang='lat' dir='ltr'><strong>dendo</strong></span> <span class='ocrx_word' id='word_1_163' title='bbox 265 1645 367 1713; x_wconf 86' lang='lat' dir='ltr'><strong>paritor</strong></span> <span class='ocrx_word' id='word_1_164' title='bbox 390 1660 421 1698; x_wconf 91' lang='lat' dir='ltr'><strong>ac</strong></span> <span class='ocrx_word' id='word_1_165' title='bbox 447 1643 632 1711; x_wconf 89' lang='lat' dir='ltr'><strong>concedendo,</strong></span> <span class='ocrx_word' id='word_1_166' title='bbox 655 1644 753 1699; x_wconf 86' lang='lat' dir='ltr'><strong>fiducia</strong></span> <span class='ocrx_word' id='word_1_167' title='bbox 772 1651 853 1713; x_wconf 88' lang='lat' dir='ltr'><strong>atque</strong></span> <span class='ocrx_word' id='word_1_168' title='bbox 871 1646 1000 1715; x_wconf 88' lang='lat' dir='ltr'><strong>obsequio</strong></span> <span class='ocrx_word' id='word_1_169' title='bbox 1019 1649 1053 1701; x_wconf 91' lang='lat' dir='ltr'><strong>Di</strong></span> <span class='ocrx_word' id='word_1_170' title='bbox 1072 1665 1158 1718; x_wconf 87' lang='lat' dir='ltr'><strong>aeque</strong></span> <span class='ocrx_word' id='word_1_171' title='bbox 1176 1649 1284 1718; x_wconf 82' lang='lat' dir='ltr'><strong>placan-</strong></span> 
     </span>
     <span class='ocr_line' id='line_1_16' title="bbox 157 1729 1282 1799; baseline 0.004 -15"><span class='ocrx_word' id='word_1_172' title='bbox 157 1738 214 1784; x_wconf 87' lang='lat' dir='ltr'><strong>tur:</strong></span> <span class='ocrx_word' id='word_1_173' title='bbox 232 1737 263 1784; x_wconf 91' lang='lat' dir='ltr'><strong>ut</strong></span> <span class='ocrx_word' id='word_1_174' title='bbox 280 1746 332 1784; x_wconf 91' lang='lat' dir='ltr'><strong>non</strong></span> <span class='ocrx_word' id='word_1_175' title='bbox 345 1729 424 1784; x_wconf 93' lang='lat' dir='ltr'><strong>modo</strong></span> <span class='ocrx_word' id='word_1_176' title='bbox 437 1746 557 1797; x_wconf 86' lang='lat' dir='ltr'><strong>gemmae</strong></span> <span class='ocrx_word' id='word_1_177' title='bbox 570 1730 653 1785; x_wconf 86' lang='lat' dir='ltr'><strong>durae</strong></span> <span class='ocrx_word' id='word_1_178' title='bbox 672 1738 699 1785; x_wconf 86' lang='lat' dir='ltr'><strong>et</strong></span> <span class='ocrx_word' id='word_1_179' title='bbox 718 1747 784 1785; x_wconf 84' lang='lat' dir='ltr'><strong>saxa</strong></span> <span class='ocrx_word' id='word_1_180' title='bbox 801 1732 931 1799; x_wconf 81' lang='lat' dir='ltr'><strong>imagines</strong></span> <span class='ocrx_word' id='word_1_181' title='bbox 943 1733 1062 1787; x_wconf 89' lang='lat' dir='ltr'><strong>Deorum</strong></span> <span class='ocrx_word' id='word_1_182' title='bbox 1074 1742 1102 1787; x_wconf 90' lang='lat' dir='ltr'><strong>et</strong></span> <span class='ocrx_word' id='word_1_183' title='bbox 1114 1735 1225 1789; x_wconf 91' lang='lat' dir='ltr'><strong>heroum</strong></span> <span class='ocrx_word' id='word_1_184' title='bbox 1242 1749 1282 1789; x_wconf 86' lang='lat' dir='ltr'><strong>ra·</strong></span> 
     </span>
     <span class='ocr_line' id='line_1_17' title="bbox 157 1816 1281 1887; baseline 0.002 -16"><span class='ocrx_word' id='word_1_185' title='bbox 157 1817 268 1887; x_wconf 84' lang='lat' dir='ltr'><strong>cipiunt,</strong></span> <span class='ocrx_word' id='word_1_186' title='bbox 287 1817 437 1879; x_wconf 88' lang='lat' dir='ltr'><strong>sedetiam,</strong></span> <span class='ocrx_word' id='word_1_187' title='bbox 456 1827 483 1869; x_wconf 88' lang='lat' dir='ltr'><strong>ot</strong></span> <span class='ocrx_word' id='word_1_188' title='bbox 495 1817 601 1870; x_wconf 81' lang='lat' dir='ltr'><strong>facilius</strong></span> <span class='ocrx_word' id='word_1_189' title='bbox 615 1816 730 1884; x_wconf 85' lang='lat' dir='ltr'><strong>quidem,</strong></span> <span class='ocrx_word' id='word_1_190' title='bbox 743 1817 859 1870; x_wconf 71' lang='lat' dir='ltr'><strong>molles«.</strong></span> <span class='ocrx_word' id='word_1_191' title='bbox 886 1819 999 1872; x_wconf 85' lang='lat' dir='ltr'><strong>Versum</strong></span> <span class='ocrx_word' id='word_1_192' title='bbox 1012 1823 1062 1873; x_wconf 88' lang='grc'><strong>306</strong></span> <span class='ocrx_word' id='word_1_193' title='bbox 1076 1836 1128 1873; x_wconf 94' lang='lat' dir='ltr'><strong>non</strong></span> <span class='ocrx_word' id='word_1_194' title='bbox 1140 1818 1281 1887; x_wconf 85' lang='lat' dir='ltr'><strong>prioribus,</strong></span> 
     </span>
     <span class='ocr_line' id='line_1_18' title="bbox 157 1899 1282 1973; baseline 0.004 -17"><span class='ocrx_word' id='word_1_195' title='bbox 157 1901 203 1956; x_wconf 89' lang='lat' dir='ltr'><strong>sed</strong></span> <span class='ocrx_word' id='word_1_196' title='bbox 222 1902 395 1971; x_wconf 85' lang='lat' dir='ltr'><strong>sequentibus</strong></span> <span class='ocrx_word' id='word_1_197' title='bbox 408 1900 622 1969; x_wconf 85' lang='lat' dir='ltr'><strong>coniungendam</strong></span> <span class='ocrx_word' id='word_1_198' title='bbox 640 1916 698 1954; x_wconf 88' lang='lat' dir='ltr'><strong>esse</strong></span> <span class='ocrx_word' id='word_1_199' title='bbox 716 1899 840 1954; x_wconf 82' lang='lat' dir='ltr'><strong>viderunt</strong></span> <span class='ocrx_word' id='word_1_200' title='bbox 858 1900 942 1955; x_wconf 87' lang='lat' dir='ltr'><strong>Koen.</strong></span> <span class='ocrx_word' id='word_1_201' title='bbox 961 1903 996 1956; x_wconf 93' lang='lat' dir='ltr'><strong>ad</strong></span> <span class='ocrx_word' id='word_1_202' title='bbox 1014 1904 1093 1972; x_wconf 84' lang='lat' dir='ltr'><strong>Greg.</strong></span> <span class='ocrx_word' id='word_1_203' title='bbox 1110 1905 1170 1959; x_wconf 85' lang='lat' dir='ltr'><strong>Gor.</strong></span> <span class='ocrx_word' id='word_1_204' title='bbox 1182 1920 1209 1973; x_wconf 90' lang='lat' dir='ltr'><strong>p.</strong></span> <span class='ocrx_word' id='word_1_205' title='bbox 1225 1909 1282 1966; x_wconf 83' lang='lat' dir='ltr'><strong>las,</strong></span> 
     </span>
     <span class='ocr_line' id='line_1_19' title="bbox 157 1983 1281 2057; baseline -0.001 -17"><span class='ocrx_word' id='word_1_206' title='bbox 157 1986 258 2055; x_wconf 85' lang='lat' dir='ltr'><strong>Musgr.</strong></span> <span class='ocrx_word' id='word_1_207' title='bbox 279 1994 306 2040; x_wconf 84' lang='lat' dir='ltr'><strong>et</strong></span> <span class='ocrx_word' id='word_1_208' title='bbox 324 1986 428 2054; x_wconf 82' lang='lat' dir='ltr'><strong>Tyrwh.</strong></span> <span class='ocrx_word' id='word_1_209' title='bbox 447 2017 481 2027; x_wconf 98' lang='lat'>—</span> <span class='ocrx_word' id='word_1_210' title='bbox 499 2003 523 2043; x_wconf 87' lang='lat' dir='ltr'><strong>v.</strong></span> <span class='ocrx_word' id='word_1_211' title='bbox 545 1987 608 2038; x_wconf 77' lang='lat'><strong>307</strong></span> <span class='ocrx_word' id='word_1_212' title='bbox 628 1983 798 2055; x_wconf 77' lang='grc' dir='ltr'><em>Μαχνησίτην</em></span> <span class='ocrx_word' id='word_1_213' title='bbox 817 1987 847 2037; x_wconf 87' lang='lat' dir='ltr'><strong>d&#39;</strong></span> <span class='ocrx_word' id='word_1_214' title='bbox 866 1985 946 2057; x_wconf 77' lang='grc' dir='ltr'><em>ἔξοχ’</em></span> <span class='ocrx_word' id='word_1_215' title='bbox 964 1988 1076 2055; x_wconf 74' lang='grc' dir='ltr'><em>ἐφίλατο</em></span> <span class='ocrx_word' id='word_1_216' title='bbox 1093 1990 1126 2049; x_wconf 96' lang='lat' dir='ltr'><strong>A,</strong></span> <span class='ocrx_word' id='word_1_217' title='bbox 1146 1985 1281 2057; x_wconf 76' lang='grc' dir='ltr'><em>Μαγνῆτιν</em></span> 
     </span>
     <span class='ocr_line' id='line_1_20' title="bbox 156 2069 1281 2144; baseline 0.001 -21"><span class='ocrx_word' id='word_1_218' title='bbox 156 2073 186 2123; x_wconf 83' lang='lat' dir='ltr'><strong>d&#39;</strong></span> <span class='ocrx_word' id='word_1_219' title='bbox 210 2071 287 2142; x_wconf 71' lang='grc' dir='ltr'><em>ἔξοχ’</em></span> <span class='ocrx_word' id='word_1_220' title='bbox 308 2072 434 2141; x_wconf 78' lang='grc' dir='ltr'><strong>ἐφίλησεν</strong></span> <span class='ocrx_word' id='word_1_221' title='bbox 460 2073 526 2126; x_wconf 85' lang='lat' dir='ltr'><strong>dett.</strong></span> <span class='ocrx_word' id='word_1_222' title='bbox 550 2073 674 2143; x_wconf 77' lang='grc' dir='ltr'><em>(ἐφίλησε</em></span> <span class='ocrx_word' id='word_1_223' title='bbox 695 2072 759 2137; x_wconf 86' lang='lat' dir='ltr'><strong>BV)</strong></span> <span class='ocrx_word' id='word_1_224' title='bbox 784 2079 811 2125; x_wconf 88' lang='lat' dir='ltr'><strong>et</strong></span> <span class='ocrx_word' id='word_1_225' title='bbox 834 2070 894 2126; x_wconf 86' lang='lat' dir='ltr'><strong>edd.</strong></span> <span class='ocrx_word' id='word_1_226' title='bbox 915 2078 977 2125; x_wconf 85' lang='lat' dir='ltr'><strong>aute</strong></span> <span class='ocrx_word' id='word_1_227' title='bbox 995 2073 1096 2140; x_wconf 72' lang='lat' dir='ltr'><strong>Herm,</strong></span> <span class='ocrx_word' id='word_1_228' title='bbox 1120 2069 1281 2144; x_wconf 76' lang='grc' dir='ltr'><em>Μαγνήσσφ·</em></span> 
     </span>
     <span class='ocr_line' id='line_1_21' title="bbox 156 2156 1281 2228; baseline 0.002 -19"><span class='ocrx_word' id='word_1_229' title='bbox 156 2159 205 2226; x_wconf 72' lang='grc' dir='ltr'><strong>τὴν</strong></span> <span class='ocrx_word' id='word_1_230' title='bbox 226 2158 254 2208; x_wconf 79' lang='grc' dir='ltr'><strong>δ’</strong></span> <span class='ocrx_word' id='word_1_231' title='bbox 274 2156 350 2228; x_wconf 72' lang='grc' dir='ltr'><em>ἔξοχ’</em></span> <span class='ocrx_word' id='word_1_232' title='bbox 369 2158 478 2224; x_wconf 77' lang='grc' dir='ltr'><em>ἐφίλατο</em></span> <span class='ocrx_word' id='word_1_233' title='bbox 496 2158 564 2212; x_wconf 89' lang='lat' dir='ltr'><strong>coni.</strong></span> <span class='ocrx_word' id='word_1_234' title='bbox 583 2158 686 2226; x_wconf 88' lang='lat' dir='ltr'><strong>Musgr.</strong></span> <span class='ocrx_word' id='word_1_235' title='bbox 710 2157 828 2212; x_wconf 83' lang='lat' dir='ltr'><strong>Etidem</strong></span> <span class='ocrx_word' id='word_1_236' title='bbox 846 2158 948 2212; x_wconf 83' lang='lat' dir='ltr'><strong>invenit</strong></span> <span class='ocrx_word' id='word_1_237' title='bbox 959 2156 1063 2225; x_wconf 79' lang='lat' dir='ltr'><strong>Tyrwb.</strong></span> <span class='ocrx_word' id='word_1_238' title='bbox 1075 2157 1126 2211; x_wconf 91' lang='lat' dir='ltr'><strong>nisi</strong></span> <span class='ocrx_word' id='word_1_239' title='bbox 1139 2157 1211 2227; x_wconf 88' lang='lat' dir='ltr'><strong>quod</strong></span> <span class='ocrx_word' id='word_1_240' title='bbox 1227 2157 1281 2226; x_wconf 91' lang='lat' dir='ltr'><strong>pri·</strong></span> 
     </span>
     <span class='ocr_line' id='line_1_22' title="bbox 156 2239 1282 2315; baseline 0.002 -21"><span class='ocrx_word' id='word_1_241' title='bbox 156 2257 227 2294; x_wconf 90' lang='lat' dir='ltr'><strong>mum</strong></span> <span class='ocrx_word' id='word_1_242' title='bbox 245 2242 316 2296; x_wconf 84' lang='lat' dir='ltr'><strong>inter</strong></span> <span class='ocrx_word' id='word_1_243' title='bbox 328 2239 471 2314; x_wconf 77' lang='grc' dir='ltr'><em>Μαχνήσᾳ·</em></span> <span class='ocrx_word' id='word_1_244' title='bbox 490 2243 539 2311; x_wconf 77' lang='grc' dir='ltr'><strong>τὴν</strong></span> <span class='ocrx_word' id='word_1_245' title='bbox 559 2244 596 2307; x_wconf 84' lang='lat' dir='ltr'><strong>d‘,</strong></span> <span class='ocrx_word' id='word_1_246' title='bbox 616 2240 757 2315; x_wconf 71' lang='grc' dir='ltr'><em>Μαγνήτρ·</em></span> <span class='ocrx_word' id='word_1_247' title='bbox 777 2244 824 2296; x_wconf 84' lang='grc' dir='ltr'><strong>τὸν</strong></span> <span class='ocrx_word' id='word_1_248' title='bbox 844 2244 874 2295; x_wconf 76' lang='grc' dir='ltr'><strong>δ’</strong></span> <span class='ocrx_word' id='word_1_249' title='bbox 892 2248 920 2296; x_wconf 86' lang='lat' dir='ltr'><strong>et</strong></span> <span class='ocrx_word' id='word_1_250' title='bbox 933 2240 1065 2309; x_wconf 78' lang='grc' dir='ltr'><em>Μαγνῆτι·</em></span> <span class='ocrx_word' id='word_1_251' title='bbox 1085 2243 1131 2294; x_wconf 86' lang='grc' dir='ltr'><strong>τὸν</strong></span> <span class='ocrx_word' id='word_1_252' title='bbox 1150 2243 1179 2294; x_wconf 81' lang='grc' dir='ltr'><strong>δ’</strong></span> <span class='ocrx_word' id='word_1_253' title='bbox 1198 2242 1282 2296; x_wconf 81' lang='lat' dir='ltr'><strong>incar·</strong></span> 
     </span>
     <span class='ocr_line' id='line_1_23' title="bbox 155 2325 1282 2396; baseline 0.002 -18"><span class='ocrx_word' id='word_1_254' title='bbox 155 2333 199 2379; x_wconf 91' lang='lat' dir='ltr'><strong>tus</strong></span> <span class='ocrx_word' id='word_1_255' title='bbox 222 2325 366 2393; x_wconf 86' lang='lat' dir='ltr'><strong>haerebat,</strong></span> <span class='ocrx_word' id='word_1_256' title='bbox 389 2334 484 2394; x_wconf 88' lang='lat' dir='ltr'><strong>postea</strong></span> <span class='ocrx_word' id='word_1_257' title='bbox 508 2334 597 2379; x_wconf 89' lang='lat' dir='ltr'><strong>tamon</strong></span> <span class='ocrx_word' id='word_1_258' title='bbox 625 2325 768 2396; x_wconf 75' lang='grc' dir='ltr'><em>λλοχνήσᾳ,</em></span> <span class='ocrx_word' id='word_1_259' title='bbox 793 2328 872 2395; x_wconf 76' lang='lat' dir='ltr'><strong>aquia</strong></span> <span class='ocrx_word' id='word_1_260' title='bbox 896 2326 989 2380; x_wconf 85' lang='lat' dir='ltr'><strong>eadem</strong></span> <span class='ocrx_word' id='word_1_261' title='bbox 1008 2343 1073 2381; x_wconf 88' lang='lat' dir='ltr'><strong>voce</strong></span> <span class='ocrx_word' id='word_1_262' title='bbox 1096 2334 1188 2382; x_wconf 88' lang='lat' dir='ltr'><strong>noster</strong></span> <span class='ocrx_word' id='word_1_263' title='bbox 1212 2327 1282 2381; x_wconf 83' lang='lat' dir='ltr'><strong>inira</strong></span> 
     </span>
     <span class='ocr_line' id='line_1_24' title="bbox 155 2410 1280 2481; baseline 0.003 -17"><span class='ocrx_word' id='word_1_264' title='bbox 155 2410 241 2464; x_wconf 88' lang='lat' dir='ltr'><strong>utitur</strong></span> <span class='ocrx_word' id='word_1_265' title='bbox 252 2426 275 2464; x_wconf 79' lang='lat' dir='ltr'><strong>v.</strong></span> <span class='ocrx_word' id='word_1_266' title='bbox 288 2415 339 2466; x_wconf 82' lang='lat'><strong>320</strong></span> <span class='ocrx_word' id='word_1_267' title='bbox 353 2412 462 2481; x_wconf 58' lang='lat' dir='ltr'><strong>[valgia</strong></span> <span class='ocrx_word' id='word_1_268' title='bbox 482 2412 619 2480; x_wconf 89' lang='lat' dir='ltr'><strong>praetulit,</strong></span> <span class='ocrx_word' id='word_1_269' title='bbox 639 2411 787 2465; x_wconf 87' lang='lat' dir='ltr'><strong>concedens</strong></span> <span class='ocrx_word' id='word_1_270' title='bbox 806 2418 895 2465; x_wconf 83' lang='lat' dir='ltr'><strong>tamon</strong></span> <span class='ocrx_word' id='word_1_271' title='bbox 916 2410 1090 2481; x_wconf 77' lang='grc' dir='ltr'><em>Μοίρνησσαν,</em></span> <span class='ocrx_word' id='word_1_272' title='bbox 1109 2428 1178 2479; x_wconf 87' lang='lat' dir='ltr'><strong>quae</strong></span> <span class='ocrx_word' id='word_1_273' title='bbox 1197 2413 1280 2467; x_wconf 87' lang='lat' dir='ltr'><strong>forma</strong></span> 
     </span>
     <span class='ocr_line' id='line_1_25' title="bbox 155 2495 1280 2564; baseline 0.003 -15"><span class='ocrx_word' id='word_1_274' title='bbox 155 2495 228 2564; x_wconf 87' lang='lat' dir='ltr'><strong>apud</strong></span> <span class='ocrx_word' id='word_1_275' title='bbox 244 2495 370 2549; x_wconf 83' lang='lat' dir='ltr'><strong>Tzetzam</strong></span> <span class='ocrx_word' id='word_1_276' title='bbox 393 2496 499 2564; x_wconf 86' lang='lat' dir='ltr'><strong>legatur</strong></span> <span class='ocrx_word' id='word_1_277' title='bbox 517 2497 544 2549; x_wconf 91' lang='lat' dir='ltr'><strong>in</strong></span> <span class='ocrx_word' id='word_1_278' title='bbox 563 2495 630 2549; x_wconf 87' lang='lat' dir='ltr'><strong>Chil.</strong></span> <span class='ocrx_word' id='word_1_279' title='bbox 648 2500 672 2562; x_wconf 89' lang='lat'><strong>4,</strong></span> <span class='ocrx_word' id='word_1_280' title='bbox 691 2499 742 2549; x_wconf 88' lang='grc'><strong>403</strong></span> <span class='ocrx_word' id='word_1_281' title='bbox 759 2496 891 2549; x_wconf 88' lang='lat' dir='ltr'><strong>veriorem</strong></span> <span class='ocrx_word' id='word_1_282' title='bbox 913 2495 1047 2550; x_wconf 88' lang='lat' dir='ltr'><strong>scribendi</strong></span> <span class='ocrx_word' id='word_1_283' title='bbox 1065 2497 1196 2551; x_wconf 86' lang='lat' dir='ltr'><strong>rationem</strong></span> <span class='ocrx_word' id='word_1_284' title='bbox 1215 2513 1280 2552; x_wconf 87' lang='lat' dir='ltr'><strong>esse.</strong></span> 
     </span>
     <span class='ocr_line' id='line_1_26' title="bbox 154 2579 1280 2651; baseline 0 -15"><span class='ocrx_word' id='word_1_285' title='bbox 154 2582 244 2636; x_wconf 87' lang='lat' dir='ltr'><strong>Herm.</strong></span> <span class='ocrx_word' id='word_1_286' title='bbox 258 2589 331 2635; x_wconf 88' lang='lat' dir='ltr'><strong>rocta</strong></span> <span class='ocrx_word' id='word_1_287' title='bbox 352 2579 501 2651; x_wconf 76' lang='grc' dir='ltr'><em>λίαχνήσσῃ</em></span> <span class='ocrx_word' id='word_1_288' title='bbox 521 2582 636 2649; x_wconf 89' lang='lat' dir='ltr'><strong>scripsit,</strong></span> <span class='ocrx_word' id='word_1_289' title='bbox 656 2598 707 2650; x_wconf 89' lang='lat' dir='ltr'><strong>quo</strong></span> <span class='ocrx_word' id='word_1_290' title='bbox 727 2580 801 2635; x_wconf 88' lang='lat' dir='ltr'><strong>ducit</strong></span> <span class='ocrx_word' id='word_1_291' title='bbox 820 2582 900 2634; x_wconf 87' lang='lat' dir='ltr'><strong>etiam</strong></span> <span class='ocrx_word' id='word_1_292' title='bbox 912 2582 937 2634; x_wconf 88' lang='lat' dir='ltr'>A</span> <span class='ocrx_word' id='word_1_293' title='bbox 955 2580 1018 2633; x_wconf 92' lang='lat' dir='ltr'><strong>libri</strong></span> <span class='ocrx_word' id='word_1_294' title='bbox 1030 2581 1170 2648; x_wconf 87' lang='lat' dir='ltr'><strong>scriptura.</strong></span> <span class='ocrx_word' id='word_1_295' title='bbox 1189 2581 1280 2650; x_wconf 85' lang='lat' dir='ltr'><strong>Stcpb.</strong></span> 
     </span>
     <span class='ocr_line' id='line_1_27' title="bbox 156 2665 1280 2738; baseline 0.002 -19"><span class='ocrx_word' id='word_1_296' title='bbox 156 2666 238 2738; x_wconf 72' lang='grc' dir='ltr'><em>ἔξοχα</em></span> <span class='ocrx_word' id='word_1_297' title='bbox 255 2672 386 2736; x_wconf 74' lang='grc' dir='ltr'><em>μαγνῆτιν</em></span> <span class='ocrx_word' id='word_1_298' title='bbox 406 2666 518 2734; x_wconf 84' lang='grc' dir='ltr'><em>φίλησεν</em></span> <span class='ocrx_word' id='word_1_299' title='bbox 538 2665 651 2735; x_wconf 83' lang='grc' dir='ltr'><em>θούριος</em></span> <span class='ocrx_word' id='word_1_300' title='bbox 669 2665 748 2735; x_wconf 77' lang='grc' dir='ltr'><em>’Ἄρης</em></span> <span class='ocrx_word' id='word_1_301' title='bbox 765 2665 920 2719; x_wconf 82' lang='lat' dir='ltr'><strong>dubitanter</strong></span> <span class='ocrx_word' id='word_1_302' title='bbox 938 2665 1098 2718; x_wconf 85' lang='lat' dir='ltr'><strong>coniecerat.</strong></span> <span class='ocrx_word' id='word_1_303' title='bbox 1117 2666 1164 2734; x_wconf 82' lang='grc' dir='ltr'><strong>τήν</strong></span> <span class='ocrx_word' id='word_1_304' title='bbox 1184 2669 1212 2718; x_wconf 83' lang='grc' dir='ltr'><strong>τ’</strong></span> <span class='ocrx_word' id='word_1_305' title='bbox 1231 2683 1280 2735; x_wconf 79' lang='lat' dir='ltr'><strong>pm</strong></span> 
     </span>
     <span class='ocr_line' id='line_1_28' title="bbox 155 2749 1281 2822; baseline 0.003 -19"><span class='ocrx_word' id='word_1_306' title='bbox 155 2752 203 2822; x_wconf 71' lang='grc' dir='ltr'><strong>τὴν</strong></span> <span class='ocrx_word' id='word_1_307' title='bbox 223 2753 251 2804; x_wconf 82' lang='grc' dir='ltr'><strong>δ’</strong></span> <span class='ocrx_word' id='word_1_308' title='bbox 269 2751 377 2820; x_wconf 88' lang='lat' dir='ltr'><strong>scripsit</strong></span> <span class='ocrx_word' id='word_1_309' title='bbox 394 2751 486 2803; x_wconf 88' lang='lat' dir='ltr'><strong>Herm.</strong></span> <span class='ocrx_word' id='word_1_310' title='bbox 504 2750 591 2803; x_wconf 88' lang='lat' dir='ltr'><strong>minus</strong></span> <span class='ocrx_word' id='word_1_311' title='bbox 609 2750 767 2804; x_wconf 85' lang='lat' dir='ltr'><strong>necessario.</strong></span> <span class='ocrx_word' id='word_1_312' title='bbox 793 2779 824 2792; x_wconf 90' lang='lat'><em>-</em></span> <span class='ocrx_word' id='word_1_313' title='bbox 849 2749 963 2802; x_wconf 87' lang='lat' dir='ltr'><strong>Tzetzes</strong></span> <span class='ocrx_word' id='word_1_314' title='bbox 990 2749 1016 2802; x_wconf 92' lang='lat' dir='ltr'><strong>in</strong></span> <span class='ocrx_word' id='word_1_315' title='bbox 1040 2749 1107 2804; x_wconf 82' lang='lat' dir='ltr'><strong>chii.</strong></span> <span class='ocrx_word' id='word_1_316' title='bbox 1127 2752 1281 2806; x_wconf 82' lang='lat' dir='ltr'><strong>11403re·</strong></span> 
     </span>
     <span class='ocr_line' id='line_1_29' title="bbox 104 2833 1281 2905; baseline -0.002 -15"><span class='ocrx_word' id='word_1_317' title='bbox 104 2868 115 2904; x_wconf 90' lang='lat'><strong>·.</strong></span> <span class='ocrx_word' id='word_1_318' title='bbox 153 2836 241 2903; x_wconf 89' lang='lat' dir='ltr'><strong>spexit</strong></span> <span class='ocrx_word' id='word_1_319' title='bbox 267 2836 340 2888; x_wconf 91' lang='lat' dir='ltr'><strong>huno</strong></span> <span class='ocrx_word' id='word_1_320' title='bbox 365 2834 467 2896; x_wconf 90' lang='lat' dir='ltr'><strong>locum,</strong></span> <span class='ocrx_word' id='word_1_321' title='bbox 496 2835 528 2888; x_wconf 90' lang='lat' dir='ltr'><strong>de</strong></span> <span class='ocrx_word' id='word_1_322' title='bbox 553 2835 707 2903; x_wconf 85' lang='lat' dir='ltr'><strong>magnetide</strong></span> <span class='ocrx_word' id='word_1_323' title='bbox 730 2835 841 2902; x_wconf 86' lang='lat' dir='ltr'><strong>loquens</strong></span> <span class='ocrx_word' id='word_1_324' title='bbox 865 2834 950 2904; x_wconf 78' lang='grc' dir='ltr'><em>ἧςπιρ</em></span> <span class='ocrx_word' id='word_1_325' title='bbox 973 2833 1086 2905; x_wconf 83' lang='grc' dir='ltr'><em>’θρφείνς</em></span> <span class='ocrx_word' id='word_1_326' title='bbox 1109 2836 1139 2888; x_wconf 72' lang='grc' dir='ltr'><strong>ἐν</strong></span> <span class='ocrx_word' id='word_1_327' title='bbox 1162 2836 1281 2896; x_wconf 80' lang='grc' dir='ltr'><em>Λιθαοῖς</em></span> 
     </span>
     <span class='ocr_line' id='line_1_30' title="bbox 153 2919 1280 2991; baseline 0.002 -19"><span class='ocrx_word' id='word_1_328' title='bbox 153 2919 260 2990; x_wconf 69' lang='grc' dir='ltr'><em>ἔγραφε</em></span> <span class='ocrx_word' id='word_1_329' title='bbox 278 2921 328 2980; x_wconf 85' lang='grc' dir='ltr'><strong>τὰς</strong></span> <span class='ocrx_word' id='word_1_330' title='bbox 346 2921 479 2984; x_wconf 79' lang='grc' dir='ltr'><em>δυνάμεις.</em></span> <span class='ocrx_word' id='word_1_331' title='bbox 498 2951 531 2960; x_wconf 89' lang='grc'>-</span> <span class='ocrx_word' id='word_1_332' title='bbox 551 2922 614 2972; x_wconf 86' lang='grc'><strong>308</strong></span> <span class='ocrx_word' id='word_1_333' title='bbox 634 2921 748 2972; x_wconf 84' lang='grc' dir='ltr'><em>πελάσει</em></span> <span class='ocrx_word' id='word_1_334' title='bbox 765 2922 799 2989; x_wconf 89' lang='lat' dir='ltr'><strong>A,</strong></span> <span class='ocrx_word' id='word_1_335' title='bbox 818 2920 923 2990; x_wconf 67' lang='grc' dir='ltr'><em>πελάσῃ</em></span> <span class='ocrx_word' id='word_1_336' title='bbox 942 2920 972 2973; x_wconf 85' lang='grc' dir='ltr'><strong>Μ</strong></span> <span class='ocrx_word' id='word_1_337' title='bbox 998 2936 1057 2974; x_wconf 88' lang='lat' dir='ltr'><strong>cum</strong></span> <span class='ocrx_word' id='word_1_338' title='bbox 1076 2921 1110 2990; x_wconf 89' lang='lat' dir='ltr'><strong>gl.</strong></span> <span class='ocrx_word' id='word_1_339' title='bbox 1131 2922 1280 2991; x_wconf 81' lang='grc' dir='ltr'><em>πλησιάσει,</em></span> 
     </span>
     <span class='ocr_line' id='line_1_31' title="bbox 153 3005 1280 3076; baseline 0.001 -19"><span class='ocrx_word' id='word_1_340' title='bbox 153 3005 267 3058; x_wconf 77' lang='grc' dir='ltr'><em>πελάσαι</em></span> <span class='ocrx_word' id='word_1_341' title='bbox 285 3006 342 3059; x_wconf 92' lang='lat' dir='ltr'><strong>rell.</strong></span> <span class='ocrx_word' id='word_1_342' title='bbox 361 3005 426 3059; x_wconf 91' lang='lat' dir='ltr'><strong>dett.</strong></span> <span class='ocrx_word' id='word_1_343' title='bbox 446 3013 473 3059; x_wconf 90' lang='lat' dir='ltr'><strong>et</strong></span> <span class='ocrx_word' id='word_1_344' title='bbox 491 3005 549 3059; x_wconf 90' lang='lat' dir='ltr'><strong>edd.</strong></span> <span class='ocrx_word' id='word_1_345' title='bbox 571 3014 633 3060; x_wconf 92' lang='lat' dir='ltr'><strong>ante</strong></span> <span class='ocrx_word' id='word_1_346' title='bbox 652 3006 754 3067; x_wconf 75' lang='lat' dir='ltr'><strong>Herm,</strong></span> <span class='ocrx_word' id='word_1_347' title='bbox 773 3005 818 3073; x_wconf 88' lang='lat' dir='ltr'><strong>qui</strong></span> <span class='ocrx_word' id='word_1_348' title='bbox 837 3006 942 3076; x_wconf 68' lang='grc' dir='ltr'><em>πελάσῃ</em></span> <span class='ocrx_word' id='word_1_349' title='bbox 968 3005 1060 3060; x_wconf 90' lang='lat' dir='ltr'><strong>edidit.</strong></span> <span class='ocrx_word' id='word_1_350' title='bbox 1078 3035 1113 3047; x_wconf 89' lang='lat'>-</span> <span class='ocrx_word' id='word_1_351' title='bbox 1131 3007 1194 3059; x_wconf 84' lang='grc'><strong>300</strong></span> <span class='ocrx_word' id='word_1_352' title='bbox 1213 3024 1280 3076; x_wconf 87' lang='grc' dir='ltr'><em>παρ-</em></span> 
     </span>
     <span class='ocr_line' id='line_1_32' title="bbox 151 3088 1279 3162; baseline -0.002 -18"><span class='ocrx_word' id='word_1_353' title='bbox 151 3093 248 3162; x_wconf 77' lang='grc' dir='ltr'><em>θενικῇ</em></span> <span class='ocrx_word' id='word_1_354' title='bbox 259 3091 361 3144; x_wconf 86' lang='lat' dir='ltr'><strong>Dinner</strong></span> <span class='ocrx_word' id='word_1_355' title='bbox 373 3107 399 3158; x_wconf 88' lang='lat' dir='ltr'><strong>p.</strong></span> <span class='ocrx_word' id='word_1_356' title='bbox 412 3091 475 3156; x_wconf 76' lang='lat'><strong>6173</strong></span> <span class='ocrx_word' id='word_1_357' title='bbox 490 3088 670 3157; x_wconf 77' lang='grc' dir='ltr'><em>γλαγόφρονα</em></span> <span class='ocrx_word' id='word_1_358' title='bbox 681 3090 714 3155; x_wconf 87' lang='lat' dir='ltr'><strong>A,</strong></span> <span class='ocrx_word' id='word_1_359' title='bbox 725 3089 906 3157; x_wconf 76' lang='grc' dir='ltr'><em>χλαγεὸφρονι</em></span> <span class='ocrx_word' id='word_1_360' title='bbox 920 3089 958 3155; x_wconf 86' lang='grc' dir='ltr'><strong>Μ,</strong></span> <span class='ocrx_word' id='word_1_361' title='bbox 970 3090 1134 3159; x_wconf 76' lang='grc' dir='ltr'><em>γλαῖὁφρονι</em></span> <span class='ocrx_word' id='word_1_362' title='bbox 1146 3091 1177 3152; x_wconf 90' lang='grc' dir='ltr'><strong>Β,</strong></span> <span class='ocrx_word' id='word_1_363' title='bbox 1188 3089 1279 3157; x_wconf 68' lang='lat' dir='ltr'><strong>&#39;flard-</strong></span> 
     </span>
     <span class='ocr_line' id='line_1_33' title="bbox 151 3173 1279 3244; baseline 0.001 -17"><span class='ocrx_word' id='word_1_364' title='bbox 151 3194 234 3244; x_wconf 84' lang='grc' dir='ltr'><em>φρονι</em></span> <span class='ocrx_word' id='word_1_365' title='bbox 254 3175 285 3243; x_wconf 86' lang='lat' dir='ltr'><strong>V,</strong></span> <span class='ocrx_word' id='word_1_366' title='bbox 308 3174 476 3244; x_wconf 77' lang='grc' dir='ltr'><em>χλαχόφρονι</em></span> <span class='ocrx_word' id='word_1_367' title='bbox 496 3173 586 3226; x_wconf 88' lang='lat' dir='ltr'><strong>PPal.</strong></span> <span class='ocrx_word' id='word_1_368' title='bbox 611 3174 666 3241; x_wconf 76' lang='lat' dir='ltr'><strong>(hic</strong></span> <span class='ocrx_word' id='word_1_369' title='bbox 689 3189 749 3227; x_wconf 90' lang='lat' dir='ltr'><strong>cum</strong></span> <span class='ocrx_word' id='word_1_370' title='bbox 774 3174 946 3242; x_wconf 87' lang='lat' dir='ltr'><strong>corruptelae</strong></span> <span class='ocrx_word' id='word_1_371' title='bbox 972 3175 1058 3242; x_wconf 91' lang='lat' dir='ltr'><strong>signo)</strong></span> <span class='ocrx_word' id='word_1_372' title='bbox 1083 3181 1110 3227; x_wconf 91' lang='lat' dir='ltr'><strong>et</strong></span> <span class='ocrx_word' id='word_1_373' title='bbox 1134 3173 1192 3228; x_wconf 88' lang='lat' dir='ltr'><strong>edd.</strong></span> <span class='ocrx_word' id='word_1_374' title='bbox 1216 3180 1279 3228; x_wconf 89' lang='lat' dir='ltr'><strong>ante</strong></span> 
     </span>
     <span class='ocr_line' id='line_1_34' title="bbox 151 3256 1280 3330; baseline -0.002 -15"><span class='ocrx_word' id='word_1_375' title='bbox 151 3261 256 3322; x_wconf 70' lang='lat' dir='ltr'><strong>Herm,</strong></span> <span class='ocrx_word' id='word_1_376' title='bbox 268 3260 473 3330; x_wconf 78' lang='grc' dir='ltr'><em>ρλοχερόφρονι</em></span> <span class='ocrx_word' id='word_1_377' title='bbox 486 3259 553 3313; x_wconf 90' lang='lat' dir='ltr'><strong>coni.</strong></span> <span class='ocrx_word' id='word_1_378' title='bbox 566 3258 681 3325; x_wconf 79' lang='lat' dir='ltr'><strong>Tyrwb,</strong></span> <span class='ocrx_word' id='word_1_379' title='bbox 702 3256 749 3312; x_wconf 89' lang='lat' dir='ltr'><strong>sed</strong></span> <span class='ocrx_word' id='word_1_380' title='bbox 768 3274 870 3327; x_wconf 79' lang='lat' dir='ltr'><strong>»nequo</strong></span> <span class='ocrx_word' id='word_1_381' title='bbox 883 3259 989 3313; x_wconf 91' lang='lat' dir='ltr'><strong>omnino</strong></span> <span class='ocrx_word' id='word_1_382' title='bbox 1003 3258 1054 3313; x_wconf 93' lang='lat' dir='ltr'><strong>hoc</strong></span> <span class='ocrx_word' id='word_1_383' title='bbox 1071 3258 1209 3327; x_wconf 91' lang='lat' dir='ltr'><strong>epitheton</strong></span> <span class='ocrx_word' id='word_1_384' title='bbox 1223 3259 1280 3328; x_wconf 85' lang='lat' dir='ltr'><strong>pla·</strong></span> 
     </span>
     <span class='ocr_line' id='line_1_35' title="bbox 152 3343 1280 3413; baseline -0.001 -14"><span class='ocrx_word' id='word_1_385' title='bbox 152 3353 210 3408; x_wconf 86' lang='lat' dir='ltr'><strong>eet,</strong></span> <span class='ocrx_word' id='word_1_386' title='bbox 235 3351 262 3398; x_wconf 88' lang='lat' dir='ltr'><strong>et</strong></span> <span class='ocrx_word' id='word_1_387' title='bbox 279 3345 362 3398; x_wconf 87' lang='lat' dir='ltr'><strong>multo</strong></span> <span class='ocrx_word' id='word_1_388' title='bbox 380 3345 467 3398; x_wconf 89' lang='lat' dir='ltr'><strong>minus</strong></span> <span class='ocrx_word' id='word_1_389' title='bbox 485 3344 519 3397; x_wconf 89' lang='lat' dir='ltr'><strong>ad</strong></span> <span class='ocrx_word' id='word_1_390' title='bbox 538 3345 643 3413; x_wconf 73' lang='grc' dir='ltr'><em>στέρνῳ</em></span> <span class='ocrx_word' id='word_1_391' title='bbox 667 3343 795 3410; x_wconf 89' lang='lat' dir='ltr'><strong>relatum,</strong></span> <span class='ocrx_word' id='word_1_392' title='bbox 822 3343 982 3410; x_wconf 88' lang='lat' dir='ltr'><strong>praesertim</strong></span> <span class='ocrx_word' id='word_1_393' title='bbox 1000 3359 1083 3411; x_wconf 90' lang='lat' dir='ltr'><strong>quum</strong></span> <span class='ocrx_word' id='word_1_394' title='bbox 1104 3343 1155 3397; x_wconf 91' lang='lat' dir='ltr'><strong>hoe</strong></span> <span class='ocrx_word' id='word_1_395' title='bbox 1180 3344 1280 3400; x_wconf 88' lang='lat' dir='ltr'><strong>babeat</strong></span> 
     </span>
     <span class='ocr_line' id='line_1_36' title="bbox 153 3428 1279 3498; baseline -0.002 -13"><span class='ocrx_word' id='word_1_396' title='bbox 153 3429 226 3485; x_wconf 84' lang='lat' dir='ltr'><strong>aliud</strong></span> <span class='ocrx_word' id='word_1_397' title='bbox 244 3430 408 3498; x_wconf 69' lang='lat' dir='ltr'><strong>epitheton«.</strong></span> <span class='ocrx_word' id='word_1_398' title='bbox 428 3430 532 3482; x_wconf 87' lang='lat' dir='ltr'><strong>Herm.</strong></span> <span class='ocrx_word' id='word_1_399' title='bbox 551 3429 685 3483; x_wconf 88' lang='lat' dir='ltr'><strong>Ruhnken</strong></span> <span class='ocrx_word' id='word_1_400' title='bbox 698 3430 726 3483; x_wconf 89' lang='lat' dir='ltr'><strong>in</strong></span> <span class='ocrx_word' id='word_1_401' title='bbox 737 3428 806 3483; x_wconf 87' lang='lat' dir='ltr'><strong>Bibl.</strong></span> <span class='ocrx_word' id='word_1_402' title='bbox 820 3430 884 3484; x_wconf 77' lang='lat' dir='ltr'><strong>erit.</strong></span> <span class='ocrx_word' id='word_1_403' title='bbox 896 3429 960 3482; x_wconf 93' lang='lat' dir='ltr'><strong>VIll</strong></span> <span class='ocrx_word' id='word_1_404' title='bbox 972 3447 999 3497; x_wconf 93' lang='lat' dir='ltr'><strong>p.</strong></span> <span class='ocrx_word' id='word_1_405' title='bbox 1015 3433 1049 3484; x_wconf 82' lang='lat'><strong>92</strong></span> <span class='ocrx_word' id='word_1_406' title='bbox 1063 3446 1096 3484; x_wconf 85' lang='lat' dir='ltr'><strong>ex</strong></span> <span class='ocrx_word' id='word_1_407' title='bbox 1108 3447 1132 3484; x_wconf 85' lang='lat' dir='ltr'><strong>v.</strong></span> <span class='ocrx_word' id='word_1_408' title='bbox 1144 3434 1178 3486; x_wconf 80' lang='lat'><strong>85</strong></span> <span class='ocrx_word' id='word_1_409' title='bbox 1195 3434 1279 3496; x_wconf 82' lang='grc' dir='ltr'><em>μαλα-</em></span> 
     </span>
     <span class='ocr_line' id='line_1_37' title="bbox 150 3514 1279 3586; baseline 0.003 -18"><span class='ocrx_word' id='word_1_410' title='bbox 150 3517 259 3586; x_wconf 85' lang='grc' dir='ltr'><em>κόφρων</em></span> <span class='ocrx_word' id='word_1_411' title='bbox 282 3514 396 3569; x_wconf 86' lang='lat' dir='ltr'><strong>coniocit</strong></span> <span class='ocrx_word' id='word_1_412' title='bbox 417 3514 488 3582; x_wconf 87' lang='lat' dir='ltr'><strong>quod</strong></span> <span class='ocrx_word' id='word_1_413' title='bbox 513 3521 602 3567; x_wconf 87' lang='lat' dir='ltr'><strong>tamen</strong></span> <span class='ocrx_word' id='word_1_414' title='bbox 623 3515 701 3568; x_wconf 91' lang='lat' dir='ltr'><strong>nimis</strong></span> <span class='ocrx_word' id='word_1_415' title='bbox 722 3531 739 3568; x_wconf 93' lang='lat' dir='ltr'><strong>a</strong></span> <span class='ocrx_word' id='word_1_416' title='bbox 760 3515 894 3582; x_wconf 91' lang='lat' dir='ltr'><strong>librorum,</strong></span> <span class='ocrx_word' id='word_1_417' title='bbox 918 3514 1077 3582; x_wconf 88' lang='lat' dir='ltr'><strong>praesertim</strong></span> <span class='ocrx_word' id='word_1_418' title='bbox 1098 3517 1123 3569; x_wconf 83' lang='lat' dir='ltr'><strong>A</strong></span> <span class='ocrx_word' id='word_1_419' title='bbox 1145 3516 1279 3584; x_wconf 87' lang='lat' dir='ltr'><strong>scriptura</strong></span> 
     </span>
     <span class='ocr_line' id='line_1_38' title="bbox 150 3585 1276 3671; baseline 0.002 -18"><span class='ocrx_word' id='word_1_420' title='bbox 150 3600 358 3671; x_wconf 72' lang='grc' dir='ltr'><em>λχλαχόφρονα)</em></span> <span class='ocrx_word' id='word_1_421' title='bbox 383 3599 493 3653; x_wconf 91' lang='lat' dir='ltr'><strong>recedit.</strong></span> <span class='ocrx_word' id='word_1_422' title='bbox 514 3601 651 3654; x_wconf 86' lang='lat' dir='ltr'><strong>Hermann</strong></span> <span class='ocrx_word' id='word_1_423' title='bbox 678 3600 800 3653; x_wconf 74' lang='lat' dir='ltr'><strong>»facilem</strong></span> <span class='ocrx_word' id='word_1_424' title='bbox 823 3607 850 3653; x_wconf 86' lang='lat' dir='ltr'><strong>et</strong></span> <span class='ocrx_word' id='word_1_425' title='bbox 875 3600 1025 3668; x_wconf 80' lang='lat' dir='ltr'><strong>elegantem</strong></span> <span class='ocrx_word' id='word_1_426' title='bbox 1049 3585 1276 3655; x_wconf 76' lang='lat' dir='ltr'><strong>emendationem«</strong></span> 
     </span>
     <span class='ocr_line' id='line_1_39' title="bbox 150 3683 1277 3755; baseline 0.003 -16"><span class='ocrx_word' id='word_1_427' title='bbox 150 3685 312 3753; x_wconf 86' lang='lat' dir='ltr'><strong>Musgravii,</strong></span> <span class='ocrx_word' id='word_1_428' title='bbox 342 3686 519 3755; x_wconf 76' lang='grc' dir='ltr'><em>ἀρανὸφρονα</em></span> <span class='ocrx_word' id='word_1_429' title='bbox 546 3685 662 3752; x_wconf 87' lang='lat' dir='ltr'><strong>recepit,</strong></span> <span class='ocrx_word' id='word_1_430' title='bbox 692 3700 761 3752; x_wconf 87' lang='lat' dir='ltr'><strong>quae</strong></span> <span class='ocrx_word' id='word_1_431' title='bbox 791 3684 856 3737; x_wconf 92' lang='lat' dir='ltr'><strong>mihi</strong></span> <span class='ocrx_word' id='word_1_432' title='bbox 883 3684 925 3737; x_wconf 87' lang='lat' dir='ltr'><strong>vel</strong></span> <span class='ocrx_word' id='word_1_433' title='bbox 953 3683 986 3740; x_wconf 93' lang='lat' dir='ltr'><strong>ob</strong></span> <span class='ocrx_word' id='word_1_434' title='bbox 1016 3684 1119 3737; x_wconf 85' lang='lat' dir='ltr'><strong>hiatum</strong></span> <span class='ocrx_word' id='word_1_435' title='bbox 1146 3685 1277 3754; x_wconf 80' lang='lat' dir='ltr'><strong>displicet</strong></span> 
     </span>
     <span class='ocr_line' id='line_1_40' title="bbox 151 3767 1277 3838; baseline 0.002 -15"><span class='ocrx_word' id='word_1_436' title='bbox 151 3770 222 3824; x_wconf 91' lang='lat' dir='ltr'><strong>Wiel</strong></span> <span class='ocrx_word' id='word_1_437' title='bbox 239 3787 265 3838; x_wconf 91' lang='lat' dir='ltr'><strong>p.</strong></span> <span class='ocrx_word' id='word_1_438' title='bbox 284 3776 300 3826; x_wconf 87' lang='grc'><strong>3</strong></span> <span class='ocrx_word' id='word_1_439' title='bbox 318 3771 493 3837; x_wconf 88' lang='lat' dir='ltr'><strong>compositum</strong></span> <span class='ocrx_word' id='word_1_440' title='bbox 510 3769 704 3837; x_wconf 76' lang='grc' dir='ltr'><em>γαλερόφρονα</em></span> <span class='ocrx_word' id='word_1_441' title='bbox 725 3767 810 3836; x_wconf 85' lang='lat' dir='ltr'><strong>finxit,</strong></span> <span class='ocrx_word' id='word_1_442' title='bbox 829 3769 904 3821; x_wconf 88' lang='lat' dir='ltr'><strong>cuius</strong></span> <span class='ocrx_word' id='word_1_443' title='bbox 921 3767 1009 3835; x_wconf 89' lang='lat' dir='ltr'><strong>prima</strong></span> <span class='ocrx_word' id='word_1_444' title='bbox 1030 3783 1094 3836; x_wconf 92' lang='lat' dir='ltr'><strong>pars</strong></span> <span class='ocrx_word' id='word_1_445' title='bbox 1113 3776 1140 3822; x_wconf 92' lang='lat' dir='ltr'><strong>et</strong></span> <span class='ocrx_word' id='word_1_446' title='bbox 1157 3769 1216 3838; x_wconf 86' lang='lat' dir='ltr'><strong>ipsa</strong></span> <span class='ocrx_word' id='word_1_447' title='bbox 1235 3786 1277 3825; x_wconf 85' lang='lat' dir='ltr'><strong>ra-</strong></span> 
     </span>
     <span class='ocr_line' id='line_1_41' title="bbox 150 3851 1277 3925; baseline 0.001 -17"><span class='ocrx_word' id='word_1_448' title='bbox 150 3855 253 3908; x_wconf 90' lang='lat' dir='ltr'><strong>rissime</strong></span> <span class='ocrx_word' id='word_1_449' title='bbox 277 3855 420 3909; x_wconf 83' lang='lat' dir='ltr'><strong>invenitur.</strong></span> <span class='ocrx_word' id='word_1_450' title='bbox 456 3854 515 3923; x_wconf 82' lang='lat' dir='ltr'><strong>Ego</strong></span> <span class='ocrx_word' id='word_1_451' title='bbox 542 3853 710 3925; x_wconf 81' lang='grc' dir='ltr'><em>τερενόχροα</em></span> <span class='ocrx_word' id='word_1_452' title='bbox 735 3869 815 3907; x_wconf 89' lang='lat' dir='ltr'><strong>ausus</strong></span> <span class='ocrx_word' id='word_1_453' title='bbox 838 3868 909 3914; x_wconf 63' lang='lat' dir='ltr'><strong>sunu</strong></span> <span class='ocrx_word' id='word_1_454' title='bbox 931 3851 997 3906; x_wconf 92' lang='lat' dir='ltr'><strong>nihil</strong></span> <span class='ocrx_word' id='word_1_455' title='bbox 1022 3853 1091 3906; x_wconf 90' lang='lat' dir='ltr'><strong>enim</strong></span> <span class='ocrx_word' id='word_1_456' title='bbox 1111 3853 1277 3924; x_wconf 87' lang='lat' dir='ltr'><strong>frequentius</strong></span> 
     </span>
     <span class='ocr_line' id='line_1_42' title="bbox 151 3938 1277 4011; baseline 0 -19"><span class='ocrx_word' id='word_1_457' title='bbox 151 3954 231 4007; x_wconf 86' lang='lat' dir='ltr'><strong>quarn</strong></span> <span class='ocrx_word' id='word_1_458' title='bbox 248 3940 420 3993; x_wconf 89' lang='lat' dir='ltr'><strong>commutatio</strong></span> <span class='ocrx_word' id='word_1_459' title='bbox 433 3941 650 3995; x_wconf 86' lang='lat' dir='ltr'><strong>terminationum</strong></span> <span class='ocrx_word' id='word_1_460' title='bbox 669 3958 757 4011; x_wconf 88' lang='grc' dir='ltr'><em>-χροα</em></span> <span class='ocrx_word' id='word_1_461' title='bbox 775 3945 802 3992; x_wconf 90' lang='lat' dir='ltr'><strong>et</strong></span> <span class='ocrx_word' id='word_1_462' title='bbox 820 3957 934 4008; x_wconf 81' lang='grc' dir='ltr'><em>-φρονα,</em></span> <span class='ocrx_word' id='word_1_463' title='bbox 953 3946 981 3992; x_wconf 91' lang='lat' dir='ltr'><strong>et</strong></span> <span class='ocrx_word' id='word_1_464' title='bbox 999 3938 1124 3994; x_wconf 88' lang='lat' dir='ltr'><strong>videntur</strong></span> <span class='ocrx_word' id='word_1_465' title='bbox 1141 3940 1217 4008; x_wconf 87' lang='lat' dir='ltr'><strong>pueri</strong></span> <span class='ocrx_word' id='word_1_466' title='bbox 1235 3959 1277 3993; x_wconf 78' lang='lat' dir='ltr'><strong>re-</strong></span> 
     </span>
     <span class='ocr_line' id='line_1_43' title="bbox 148 4023 1276 4096; baseline 0.006 -22"><span class='ocrx_word' id='word_1_467' title='bbox 148 4025 302 4093; x_wconf 81' lang='grc' dir='ltr'><em>ρενόχροες</em></span> <span class='ocrx_word' id='word_1_468' title='bbox 319 4030 410 4077; x_wconf 91' lang='lat' dir='ltr'><strong>nostro</strong></span> <span class='ocrx_word' id='word_1_469' title='bbox 429 4023 456 4076; x_wconf 91' lang='lat' dir='ltr'><strong>iu</strong></span> <span class='ocrx_word' id='word_1_470' title='bbox 475 4024 576 4078; x_wconf 88' lang='lat' dir='ltr'><strong>deliciis</strong></span> <span class='ocrx_word' id='word_1_471' title='bbox 589 4024 678 4093; x_wconf 85' lang='lat' dir='ltr'><strong>fuisse,</strong></span> <span class='ocrx_word' id='word_1_472' title='bbox 698 4025 744 4079; x_wconf 86' lang='lat' dir='ltr'><strong>cir.</strong></span> <span class='ocrx_word' id='word_1_473' title='bbox 757 4041 780 4077; x_wconf 88' lang='lat' dir='ltr'><strong>v.</strong></span> <span class='ocrx_word' id='word_1_474' title='bbox 793 4028 827 4079; x_wconf 90' lang='grc'><strong>33</strong></span> <span class='ocrx_word' id='word_1_475' title='bbox 845 4023 934 4096; x_wconf 67' lang='grc' dir='ltr'><em>ἠΐθεοι</em></span> <span class='ocrx_word' id='word_1_476' title='bbox 947 4024 1132 4094; x_wconf 80' lang='grc' dir='ltr'><em>τερενὸχροες</em></span> <span class='ocrx_word' id='word_1_477' title='bbox 1150 4031 1178 4078; x_wconf 91' lang='lat' dir='ltr'><strong>et</strong></span> <span class='ocrx_word' id='word_1_478' title='bbox 1189 4041 1213 4077; x_wconf 85' lang='lat' dir='ltr'><strong>v.</strong></span> <span class='ocrx_word' id='word_1_479' title='bbox 1225 4029 1276 4082; x_wconf 78' lang='lat'><strong>283</strong></span> 
     </span>
     <span class='ocr_line' id='line_1_44' title="bbox 149 4108 1276 4182; baseline 0.002 -21"><span class='ocrx_word' id='word_1_480' title='bbox 149 4111 265 4180; x_wconf 80' lang='grc' dir='ltr'><em>ίμερτοῡ</em></span> <span class='ocrx_word' id='word_1_481' title='bbox 291 4109 391 4178; x_wconf 79' lang='grc' dir='ltr'><em>τέρενα</em></span> <span class='ocrx_word' id='word_1_482' title='bbox 410 4109 483 4179; x_wconf 91' lang='grc' dir='ltr'><em>χρόα</em></span> <span class='ocrx_word' id='word_1_483' title='bbox 502 4109 597 4169; x_wconf 80' lang='grc' dir='ltr'><em>παιδὸς</em></span> <span class='ocrx_word' id='word_1_484' title='bbox 618 4109 724 4182; x_wconf 73' lang='grc' dir='ltr'><em>ἔχοντα.</em></span> <span class='ocrx_word' id='word_1_485' title='bbox 763 4109 880 4176; x_wconf 80' lang='lat' dir='ltr'><strong>Quodsi</strong></span> <span class='ocrx_word' id='word_1_486' title='bbox 901 4109 960 4178; x_wconf 87' lang='lat' dir='ltr'><strong>quis</strong></span> <span class='ocrx_word' id='word_1_487' title='bbox 979 4123 1013 4162; x_wconf 83' lang='lat' dir='ltr'><strong>ex</strong></span> <span class='ocrx_word' id='word_1_488' title='bbox 1033 4108 1085 4164; x_wconf 89' lang='lat' dir='ltr'><strong>hoc</strong></span> <span class='ocrx_word' id='word_1_489' title='bbox 1105 4117 1196 4165; x_wconf 88' lang='lat' dir='ltr'><strong>nostro</strong></span> <span class='ocrx_word' id='word_1_490' title='bbox 1217 4110 1276 4171; x_wconf 80' lang='lat' dir='ltr'><strong>loco</strong></span> 
     </span>
     <span class='ocr_line' id='line_1_45' title="bbox 1038 4198 1071 4249; baseline 0 -21"><span class='ocrx_word' id='word_1_491' title='bbox 1038 4198 1071 4249; x_wconf 67' lang='grc'><strong>51</strong></span> 
     </span>
    </p>
   </div>
   <div class='ocr_carea' id='block_1_3' title="bbox 0 0 1438 4620">
    <p class='ocr_par' dir='ltr' id='par_1_3' title="bbox 0 0 1438 4620">
     <span class='ocr_line' id='line_1_46' title="bbox 0 0 1438 4620; baseline 0 3"><span class='ocrx_word' id='word_1_492' title='bbox 0 0 1438 4620; x_wconf 95' lang='lat' dir='ltr'><strong> </strong></span> 
     </span>
    </p>
   </div>
  </div>
 </body>
</html>
