2866 4620
578 344 769 406 ..6-

114 527 173 592 bus'
185 516 222 591 in
234 525 421 593 membrana
446 526 598 610 scriptus3
620 528 765 594 continet
785 548 861 594 vero
882 532 1012 611 praeter
1034 530 1236 613 Apollonium

114 627 283 708 Rhodium,
307 627 709 711 Batrachomyomachiam,
732 629 861 695 Homeri
884 635 916 694 et
934 630 1122 697 Callimachi
1143 631 1231 714 hym-

109 751 167 799 nos
182 737 214 797 et
228 731 395 810 Herodoti,
408 731 463 815 qui
474 731 599 807 dicitur,
617 732 784 816 degenere
796 733 927 798 Homeri
944 732 1097 812 libellum,
1115 733 1234 816 Orphei

110 834 325 916 Argonautica
351 841 385 900 et
412 833 538 899 Lithica
539 881 680 899 ......
710 835 819 900 Codex
847 833 902 900 ille
931 834 1131 899 Ambrosiani
1158 835 1236 900 libri

113 935 314 1019 archetypus,
339 957 432 1023 quem
454 935 636 1001 minusculis
652 957 735 1020 quae
757 941 911 1002 vocantur
932 936 1047 1001 litteris
1065 941 1233 1002 exaratum

108 1036 205 1102 fnisse
218 1035 295 1102 inde
315 1037 457 1120 colligas,
477 1038 564 1121 quod
586 1038 674 1103 hand
696 1059 770 1105 raro
791 1040 825 1102 in
848 1038 1060 1105 Ambrosiano
1082 1040 1191 1106 codice
1213 1040 1236 1101 11

108 1159 168 1221 pro
184 1146 251 1204 eet
266 1160 361 1223 apro
383 1163 410 1204 ει
432 1139 585 1222 scripturn
607 1144 697 1204 extat
713 1142 782 1223 (cfr.
803 1142 894 1224 δῶμα
909 1161 969 1224 pro
985 1147 1086 1226 σῶμα,
1109 1142 1236 1204 δεύεται

107 1262 169 1325 pro
184 1241 316 1322 σεύεται,
340 1241 393 1305 αἶα
409 1262 469 1325 pro
485 1242 553 1320 clei,
573 1241 731 1324 μεγαίρειν
752 1263 813 1326 pro
831 1243 994 1328 μέγαιραν,
1017 1243 1146 1324 similia)
1169 1247 1232 1306 tre-

108 1341 213 1408 decim
237 1341 321 1408 ioliis
343 1342 419 1407 olim
442 1343 620 1407 constitisse
636 1343 769 1422 videtur,
793 1350 928 1426 quorum
944 1344 978 1407 in
993 1343 1123 1425 singulis
1137 1343 1232 1421 soliis,

108 1443 213 1526 primo
235 1448 378 1525 excepto,
401 1443 533 1528 triginta
554 1443 618 1508 duo
640 1441 707 1509 fere
730 1465 838 1510 versus
861 1444 1121 1510 numerabantur.
1165 1444 1230 1509 Sed

109 1564 172 1627 quo
192 1547 337 1626 tempore
352 1543 581 1609 Ambrosianus
604 1545 704 1609 codex
727 1566 766 1609 ex
784 1546 961 1630 archetypo
977 1547 1156 1629 descriptus
1172 1550 1230 1624 est,

40 1730 43 1737 Ι
108 1647 174 1710 iam
197 1665 260 1710 non
284 1650 355 1710 erat
375 1645 429 1710 ille
450 1645 582 1727 integer,
606 1643 662 1709 sed
685 1645 804 1710 amissa
826 1650 917 1711 erent
937 1652 1067 1730 praeter
1082 1646 1230 1711 carminis

106 1747 346 1830 inscriptionem
462 1746 540 1810 folia
566 1747 704 1830 primum
733 1753 767 1811 et
792 1748 979 1827 secundum,
1009 1768 1091 1830 quae
1121 1769 1230 1812 versus

108 1849 283 1931 nonaginta
298 1849 432 1932 priores,
449 1851 481 1912 et
495 1847 673 1930 septimum,
688 1847 774 1929 quod
793 1870 839 1912 rr.
853 1849 1023 1912 393-460
1037 1848 1229 1914 continebat.

107 1949 278 2017 Praeterea
304 1951 394 2035 prior
421 1949 539 2016 codicis
568 1970 643 2033 pars
672 1950 721 2013 vel
748 1951 820 2032 igne
848 1950 897 2013 vel
927 1949 1059 2014 madore
1086 1950 1136 2015 rel
1164 1950 1230 2014 alia

107 2072 205 2119 causa
232 2054 280 2119 ita
306 2059 458 2135 corrupta
486 2057 573 2131 erat,
602 2058 639 2117 ut
666 2053 757 2117 initio
787 2053 948 2136 quaterni,
977 2052 1061 2115 circa
1089 2053 1228 2116 mediam

105 2155 222 2222 codicis
244 2161 372 2238 partem
395 2159 501 2219 autem
524 2153 637 2235 singuli
659 2155 692 2216 in
713 2153 778 2218 ima
796 2159 833 2218 ut
848 2153 971 2217 videtur
987 2153 1106 2234 pagina
1120 2173 1229 2216 versus

105 2255 169 2339 legi
188 2276 252 2322 non
274 2257 469 2340 potuissent,
499 2254 583 2319 unde
605 2255 723 2319 factum
750 2261 808 2333 est,
831 2260 867 2319 ut
898 2274 1005 2318 versus
1037 2258 1091 2316 lll
1106 2293 1142 2301 -
1156 2256 1226 2332 114,

109 2357 708 2437 141-143,170-173,201-204,
738 2357 921 2433 tea-235,
952 2356 1134 2433 aot-267,
1166 2358 1228 2419 296

110 2459 222 2538 499,
246 2459 425 2536 328-331,
449 2458 627 2535 359-362,
651 2458 724 2536 493,
748 2459 810 2522 526
833 2465 866 2522 et
889 2459 951 2522 559
979 2455 1126 2521 editionis
1148 2457 1227 2521 Her-

106 2559 294 2627 mannianae
314 2560 350 2624 in
371 2559 583 2626 Ambrosiano
605 2559 689 2624 libro
712 2562 805 2625 unius
828 2582 956 2643 semper
983 2580 1093 2624 versus
1122 2560 1226 2643 spatio

58 2685 65 2694 ·
106 2680 206 2726 vacuo
221 2660 334 2726 relicto
355 2659 604 2726 desiderentur«
622 2699 662 2709 -
679 2661 771 2726 Hunc
786 2661 929 2728 codicem
944 2663 977 2726 in
993 2663 1096 2728 verbis
1112 2668 1228 2744 poetae

106 2761 307 2830 recensendis
330 2763 457 2826 unicum
481 2768 636 2845 quatenus
656 2762 727 2827 fieri
748 2764 854 2845 potuit
876 2765 988 2829 ducem
1005 2771 1132 2829 secutus
1147 2784 1226 2842 sum,

107 2885 178 2931 cum
201 2864 331 2946 quaeris
361 2865 455 2928 huius
484 2864 631 2929 editionis
653 2865 772 2945 pagina
794 2865 1007 2943 demonstret,
1033 2866 1227 2930 deteriorum

105 2966 261 3032 librorum
282 2964 459 3048 scripturas
481 2965 523 3031 ab
539 2965 566 3028 A
581 2963 655 3029 libri
670 2965 824 3030 memoria
838 2966 1023 3032 recedentes
1038 2966 1227 3049 plerumque

105 3067 184 3132 nlhil
219 3066 307 3132 aliud
335 3087 404 3132 esse
430 3067 492 3131 nisi
514 3066 563 3130 vel
589 3085 692 3131 meros
719 3067 877 3131 scribendi
912 3089 1037 3133 errores
1060 3069 1110 3133 vel
1131 3069 1227 3134 inter-

105 3168 285 3253 polationes
307 3168 611 3252 impudentissimas,
643 3168 758 3250 quibus
781 3169 930 3251 quicquid
953 3169 1065 3234 leviter
1085 3166 1231 3252 corrupt*

105 3271 155 3336 vel
177 3271 354 3353 elegantius
375 3271 624 3355 insolentiusque
647 3271 726 3335 dieti
747 3271 780 3335 in
811 3271 954 3338 codicum
983 3271 1157 3354 archetypo
1179 3281 1227 3337 re-

104 3475 212 3558 inepte
234 3474 402 3556 obtegatur
424 3473 678 3557 obfusoeturqne.

189 3576 278 3654 Quae
298 3575 564 3658 interpolationes
585 3575 748 3640 interdum
764 3577 843 3640 satis
861 3596 990 3660 sagaces
1005 3576 1082 3641 mihi
1098 3574 1224 3657 quidem

105 3698 169 3745 non
191 3677 232 3743 ab
256 3698 294 3743 eo
316 3679 422 3744 lactas
445 3699 514 3743 esse
529 3679 685 3757 videntur,
710 3680 764 3762 qui
786 3679 981 3745 deteriorum
1001 3679 1144 3744 codicum
1159 3678 1227 3745 fon-

104 3786 170 3845 tem
191 3799 390 3844 communem
414 3781 604 3855 exaraverit,
626 3802 735 3846 verum
757 3784 865 3863 potius
889 3781 1043 3847 electore
1059 3781 1137 3846 satis
1158 3802 1226 3846 eru-

106 3881 189 3961 dito,
223 3881 281 3964 qui
312 3883 437 3948 minora
469 3883 588 3950 codicis
622 3885 671 3948 sui
704 3883 782 3949 vitia
815 3884 915 3948 tacite
943 3883 1026 3949 inter
1057 3884 1227 3967 legendum

105 3983 264 4066 corrigens
287 4003 351 4049 non
373 3985 435 4048 nisi
455 3985 631 4051 maioribus
660 3984 850 4069 corruptelis
878 3986 1108 4053 correctionem
1136 4009 1226 4054 suam

105 4083 327 4168 adscripserit,
358 4085 442 4152 unde
470 4091 585 4170 postea
613 4087 648 4151 in
675 4092 799 4153 textum
824 4089 1023 4170 irrepserint.
1068 4091 1226 4171 Quodne
