2866 4620
597 343 830 405 -166-

504 645 561 710 III
597 645 721 728 Lapis
748 646 931 710 Adamas

243 800 387 865 Adamas
409 806 516 865 autem
537 798 620 881 lapis
651 798 838 863 durissimus
865 798 966 871 ferro;
994 804 1028 864 et
1054 799 1201 882 optimus
1229 820 1287 864 ns·

155 903 256 967 scitur
277 903 310 965 in
328 900 428 982 India,
451 900 607 965 secundus
623 907 697 982 post
710 899 794 964 bunc
807 902 841 964 in
857 901 985 971 Arabia,
1006 901 1103 965 ceteri
1117 901 1150 964 in
1165 900 1285 983 Cypro.

154 1003 330 1068 Praeterea
340 1002 374 1065 in
389 1001 568 1085 Philippico
583 1023 661 1066 auro
678 1002 881 1066 inveniuntur
895 1001 1024 1080 similes,
1046 1021 1157 1065 omnes
1172 1007 1285 1068 tamon

155 1112 188 1171 ct
208 1104 315 1170 colore
337 1110 370 1169 et
383 1103 602 1186 magnitudine
617 1103 852 1186 propemodum
868 1124 974 1185 pares.
1007 1105 1084 1185 Apti
1106 1109 1184 1167 sunt
1205 1121 1313 1171 vorot

154 1209 198 1272 ad
219 1227 346 1273 omucm
367 1207 524 1288 magicam
548 1206 715 1281 actionem,
738 1211 771 1269 ct
789 1206 873 1269 vires
895 1203 1025 1269 easdem
1047 1204 1179 1269 babent.
1216 1204 1282 1270 Sed

153 1328 176 1374 a
196 1308 388 1393 quibusdam
410 1307 493 1391 lapis
515 1307 577 1369 iste
599 1306 719 1369 dicitur
734 1305 908 1382 Anaotites,
932 1305 1020 1388 quod
1041 1312 1136 1388 cogat
1157 1313 1192 1370 et
1206 1327 1278 1389 per-

152 1410 241 1474 ficiat
255 1410 372 1487 omnia,
395 1410 427 1472 in
449 1408 657 1490 quibuscum
679 1407 891 1473 desiderabis.
928 1408 1020 1471 Hunc
1040 1406 1184 1490 lapidem
1205 1407 1282 1473 ade·

153 1517 229 1595 ptus
247 1508 374 1574 idclude
395 1512 428 1573 in
450 1516 522 1574 cote
544 1515 709 1591 argentea,
732 1516 765 1574 et
786 1515 1007 1574 consecratum
1020 1514 1127 1592 porta,
1149 1515 1183 1574 et
1204 1510 1281 1574 invi·

155 1618 241 1678 ctum
263 1618 297 1676 te
318 1610 498 1693 praestabit
517 1615 550 1674 et
564 1610 754 1675 indomitum
777 1610 929 1675 adversus
950 1611 1095 1675 inimicos
1116 1617 1150 1676 et
1171 1610 1280 1678 hostes
1298 1625 1326 1676 to

153 1719 186 1778 et
208 1712 369 1777 maleficos
391 1717 425 1777 ct
446 1711 488 1777 ab
504 1712 650 1777 omnibus
664 1712 810 1794 superbis
826 1713 1017 1789 bominibus,
1040 1713 1117 1796 qnia
1130 1712 1281 1778 efficieris

153 1815 308 1880 universis
329 1813 564 1878 formidolosus.
602 1813 742 1897 Repellit
763 1819 867 1878 autem
892 1835 1017 1878 omnem
1039 1820 1161 1878 metum
1182 1820 1217 1878 et
1235 1815 1281 1878 vi·

152 1918 259 1983 sioues
280 1917 473 1982 incertorum
497 1918 690 1983 somniorum
718 1923 750 1982 et
771 1917 943 1981 simulacra
963 1916 1149 1980 umbrarum
1171 1920 1207 1979 ct
1227 1936 1280 1980 ve·

156 2039 240 2085 nena
262 2026 296 2084 et
316 2019 398 2084 lites.
431 2019 585 2083 Conficies
606 2020 715 2102 itaque
736 2019 895 2082 armillam
916 2039 956 2082 ex
977 2038 1067 2096 auro,
1089 2023 1225 2099 argento
1245 2022 1279 2083 ot

151 2121 238 2186 ferro
268 2127 300 2184 et
328 2127 529 2199 aerament0;
563 2121 704 2185 tortilem
735 2119 802 2198 lae,
833 2126 867 2182 et
892 2138 968 2200 gere
995 2119 1082 2182 circa
1108 2119 1273 2184 sinistrum
1292 2131 1320 2181 16

152 2221 334 2300 brachium,
361 2222 437 2304 quia
458 2221 490 2283 ia
512 2221 596 2285 hunc
625 2222 709 2285 enim
738 2220 883 2303 lapidem
914 2240 1062 2302 magnum
1091 2225 1141 2283 cst
1167 2239 1189 2283 a
1215 2219 1276 2285 deo

151 2321 315 2386 auxilium.

150 2507 267 2561 scribere
285 2507 410 2575 uoluisse,
427 2514 456 2560 et
473 2508 525 2561 boc
541 2523 592 2576 per
610 2513 643 2560 et
660 2513 802 2561 caetera
819 2505 1009 2574 significarissc
1027 2505 1174 2568 librarium,
1196 2511 1274 2574 puta·

149 2600 246 2647 verunt
262 2592 334 2646 Rose
351 2592 398 2645 ll.
413 2608 440 2660 p.
452 2596 512 2654 472,
532 2599 559 2645 et
577 2592 660 2655 Pitra,
679 2592 755 2644 cuius
771 2591 840 2645 baec
854 2598 894 2644 est
911 2598 992 2647 uota:
1010 2592 1112 2645 »Caute
1129 2605 1275 2659 suppressa

149 2677 282 2743 videntur,
298 2693 368 2746 qnae
387 2677 488 2730 Plinius
506 2684 534 2730 et
550 2676 668 2730 Isidorus
689 2692 744 2730 una
760 2683 788 2729 et
805 2676 936 2729 acerrima
952 2691 1066 2730 censura
1083 2675 1273 2743 proscindunt:

149 2750 325 2827 Magorum
347 2762 559 2831 impudentia
583 2763 634 2816 vel
656 2762 978 2816 manifestIssimum
999 2761 1034 2815 iu
1055 2761 1118 2814 bac
1140 2775 1274 2830 quoquc

150 2848 336 2913 exemplum
359 2853 423 2913 est,
447 2848 605 2914 qnoniam
632 2848 783 2902 admixta
808 2848 913 2900 herba
935 2845 1176 2914 Heliotropio,
1201 2844 1273 2913 qul·

150 2930 286 2984 busdam
307 2929 437 2984 additis
459 2931 822 2999 praecantationibus,
846 2938 1020 2999 gerentem
1044 2931 1203 2998 conspici
1219 2942 1272 2984 ue·

149 3020 238 3083 gent.
274 3015 334 3070 Vid.
353 3015 370 3068 l.
388 3015 404 3068 l
425 3016 469 3084 [N.
482 3017 516 3069 Η.
534 3017 673 3083 XXXVII,
690 3021 732 3079 60,
754 3017 821 3086 ton]
841 3016 954 3070 Amoldi
972 3015 1182 3083 Lapidarias
1200 3012 1271 3085 apud

148 3099 271 3152 Vincent.
294 3098 393 3153 Bellov.
418 3099 539 3153 lacunam
566 3099 636 3153 forte
659 3099 787 3167 implerit.
822 3101 926 3154 Porro
953 3101 982 3152 si
1007 3100 1177 3168 iungatur
1202 3114 1272 3153 cum

148 3183 254 3238 herba
276 3184 425 3239 ciusdem
449 3185 608 3247 nominis,
631 3186 724 3238 valet
747 3186 780 3238 in
802 3185 956 3239 fallendo
984 3184 1088 3238 visum
1110 3183 1269 3249 bominis,

148 3269 222 3322 dum
246 3269 309 3324 boe
330 3270 425 3325 modo
450 3285 483 3323 se
508 3269 618 3323 videri
640 3271 804 3338 prohibet
826 3270 932 3324 bomo.
958 3269 1005 3327 lib.
1024 3269 1065 3322 IX
1083 3285 1106 3323 c
1123 3271 1183 3325 67.(
1219 3267 1270 3324 Sed

147 3352 283 3407 Aruoldus
301 3370 350 3409 sua
367 3370 402 3407 ex
419 3355 551 3410 Marbodo
569 3357 689 3425 sumpsit.

215 3456 230 3507 1
251 3454 378 3509 adamans
399 3457 431 3522 C,
449 3485 482 3495 —
501 3457 521 3507 2
541 3457 668 3510 adamans
686 3477 712 3518 c;
730 3487 764 3498 -
782 3459 802 3509 3
821 3457 922 3511 caeteri
936 3474 968 3523 p3
986 3487 1020 3498 -
1041 3453 1268 3529 dpropedotptttp

146 3539 254 3593 modum
272 3558 299 3607 o,
310 3571 345 3581 -
357 3540 376 3592 7
390 3541 518 3595 anatbitis
535 3561 557 3608 c,
575 3544 724 3596 ananchitis
734 3562 752 3608 p
764 3559 806 3596 cx
818 3543 934 3596 Plinio
952 3542 1094 3603 XXXVII,
1108 3547 1149 3605 lo,
1160 3545 1206 3607 61,
1224 3542 1269 3599 sod

146 3623 184 3677 ibi
200 3625 385 3678 ananciten
403 3625 504 3679 habent
521 3628 613 3695 optimi
633 3627 718 3690 codd,
736 3635 764 3681 et
775 3628 847 3681 idem
862 3629 962 3681 editum
975 3635 1016 3680 est
1033 3628 1068 3681 ab
1079 3626 1184 3684 Iahnio.
1210 3631 1267 3699 Ego

147 3709 324 3762 anactites
342 3710 436 3777 scripsi
454 3727 488 3763 ex
506 3711 626 3780 Orpheo,
650 3714 694 3766 cui
711 3714 853 3783 ἀνακτίιης
874 3714 950 3767 audit
967 3712 1012 3765 hic
1029 3711 1111 3781 lapis3
1133 3715 1267 3770 siracti-

147 3792 192 3845 tis
210 3800 300 3846 autem
312 3794 390 3847 facile
403 3795 429 3847 iu
447 3796 622 3850 usathites
638 3796 780 3865 depravari
791 3798 890 3865 potuit,
908 3804 938 3851 nt
951 3803 1074 3850 auctor
1091 3798 1119 3852 in
1135 3800 1266 3867 author,

147 3884 250 3939 similia.
270 3917 302 3928 -
320 3887 495 3954 Bademptus
513 3908 539 3950 r;
557 3919 592 3929 -
610 3890 629 3941 9
644 3897 737 3958 portas
755 3909 780 3958 r,
800 3921 829 3929 -
849 3892 877 3942 11
895 3891 969 3960 quia]
983 3870 1039 3958 dm
1057 3891 1173 3948 efficeris
1189 3911 1217 3956 ος
1236 3920 1264 3933 -

146 3969 182 4020 14
199 3971 341 4039 armillam
361 4003 391 4012 -
410 3974 444 4024 15
462 3971 552 4026 tortile
571 3989 596 4039 ⁰3
614 4003 647 4013 -
665 3974 699 4025 16
718 3975 782 4041 qnia
799 3989 854 4028 om.
864 3993 892 4040 p.
