2866 4620
619 364 832 428 ..65-

160 555 229 602 tur«.
248 546 339 601 Wiel
355 562 384 615 p.
403 549 446 601 24.
463 546 647 618 everelinum
671 551 747 600 extet
763 546 791 600 in
808 545 833 599 A
855 546 921 616 [M];
945 552 973 600 et
994 546 1065 602 idem
1083 547 1137 603 iem
1153 545 1287 602 Eschenb.

159 632 307 688 coniecisse
319 629 434 694 ridetur,
452 632 534 685 vertit
551 631 622 686 enim
641 646 733 685 »secra
751 630 936 686 facientibus«.
959 664 982 672 -
1006 633 1071 687 Post
1087 649 1112 687 r.
1125 637 1174 688 281
1193 632 1288 687 titulus

160 718 225 786 περὶ
236 714 361 769 ἀπαλλίου
373 715 452 768 λίθου
470 717 498 767 in
510 714 541 783 B,
559 715 636 767 λίθον
649 715 709 783 (sic)
727 715 754 768 iu
767 714 788 767 P
799 715 864 783 Pel,
881 716 944 782 περὶ
963 714 1094 769 όπαλλίου
1112 717 1140 770 in
1152 715 1185 780 V,
1203 715 1287 769 ἀπάλ-

159 804 217 863 λιος
233 803 261 855 in
279 800 338 855 edd.
351 806 414 854 ente
426 800 541 870 Tyrwh,
559 800 605 869 qni
623 800 732 853 titulum
749 799 849 853 omittit
867 815 928 853 oum
939 801 964 853 A
974 799 1003 853 M
1022 799 1078 864 thio
1095 801 1123 857 in
1141 800 1229 869 spatio
1241 814 1287 854 re·

159 890 221 954 cuo)
240 892 267 939 et
278 885 384 951 Herm.;
402 884 464 953 περὶ
481 883 606 936 ἀπαλλίου
619 884 645 936 A
656 883 684 937 in
695 897 780 950 merg.
795 913 823 922 —
841 880 910 935 νΤὸν
922 887 974 936 τοῦ
986 884 1081 944 παιδὸς
1095 883 1196 954 τέρενα
1211 884 1288 954 χρόα

159 970 219 1041 ἤτοι
236 973 319 1033 σῶμα
336 969 452 1040 ἔχοντα·
471 968 519 1020 τὸν
543 967 618 1021 λίθον
641 967 769 1020 όπιίλλιον
793 968 864 1036 λέγω
887 969 997 1037 τέρπειν
1022 969 1088 1029 τοὺς
1108 969 1284 1029 ἀθανάτους(

161 1055 267 1111 Moschi
286 1053 451 1109 scholined.
468 1053 566 1121 inquo
590 1052 662 1122 quod
684 1051 748 1105 inV
767 1059 829 1121 post
843 1053 930 1123 χρόα,
952 1053 980 1107 in
999 1054 1020 1106 P
1041 1061 1104 1109 ente
1124 1057 1199 1125 χρόα
1216 1054 1287 1109 mele

158 1139 279 1196 edditum
297 1143 404 1210 legitur,
423 1143 514 1207 τέκνα,
530 1157 565 1195 ex
582 1141 652 1196 mele
671 1142 769 1195 itereto
788 1142 889 1209 τέρενα
908 1141 1038 1209 originem
1052 1142 1159 1196 duxisse
1171 1141 1284 1197 ridetur.

157 1258 192 1269 -
211 1229 274 1280 288
294 1242 397 1283 comme
419 1232 481 1295 post
504 1226 603 1295 ἀγλαόν
627 1225 734 1280 sustulit
761 1232 788 1280 et
811 1232 874 1294 post
892 1226 1059 1295 οόρανίιννας
1076 1227 1167 1294 posuit
1184 1227 1287 1281 Dinner

157 1328 184 1380 p.
201 1317 260 1368 oet.
279 1344 309 1354 —
329 1314 454 1382 ίμερτοίο
478 1312 554 1367 codd.
573 1320 601 1366 et
622 1312 681 1367 edd.
700 1318 763 1367 ente
781 1310 883 1381 steph,
902 1313 949 1380 qui
967 1313 1093 1367 correxit.
1111 1311 1285 1383 τερενόχροα

156 1397 182 1451 A
201 1397 286 1461 solus,
310 1397 381 1466 qnod
399 1397 473 1452 nolui
490 1397 612 1466 recipere
633 1396 765 1465 simulque
784 1397 897 1451 lecunee
916 1397 993 1465 signe
1010 1403 1072 1465 post
1089 1397 1161 1451 hunc
1178 1403 1285 1450 versum

156 1480 247 1549 figere.
261 1483 359 1537 Confer
376 1482 534 1551 praesertim
548 1497 617 1549 quee
636 1481 738 1535 Plinius
756 1482 789 1536 de
808 1483 888 1551 opelo
906 1483 1050 1537 memoriae
1071 1481 1182 1536 tradidit
1204 1482 1237 1536 ri.
1251 1482 1285 1535 Η.

154 1564 286 1621 XXXVII
298 1572 321 1620 5.
338 1569 385 1619 84:
405 1565 498 1619 ›Henc
511 1581 642 1633 gemmam
653 1573 766 1634 propter
784 1567 909 1620 eximiam
927 1566 1042 1635 gretiam
1054 1566 1176 1636 plerique
1193 1565 1286 1635 eppel-

156 1649 247 1703 levere
265 1650 437 1718 paederote«.
457 1680 488 1689 -
514 1649 578 1703 Post
597 1651 661 1702 284
678 1666 776 1704 novum
799 1658 882 1720 ceput
903 1653 999 1720 incipit
1016 1652 1122 1719 Herm.;
1145 1652 1286 1720 sequentie

156 1748 216 1788 cum
234 1734 457 1803 praecedentibus
475 1735 620 1789 cohaerent
637 1735 664 1788 in
683 1735 760 1790 codd.
772 1743 800 1789 et
812 1736 869 1790 rell.
882 1736 943 1790 edd.
963 1768 993 1777 -
1012 1738 1075 1790 286
1094 1737 1234 1807 δακρύοισι
1250 1736 1284 1804 A,

157 1820 288 1889 δάκρυσιν
302 1818 323 1870 Ρ
336 1826 399 1872 ente
412 1834 488 1885 corr,
506 1820 622 1887 δάκρυσι
637 1819 658 1872 Ρ
675 1826 827 1888 postcom..
841 1821 897 1874 rell.
911 1821 976 1874 dett.
990 1828 1018 1874 et
1034 1820 1093 1876 edd.
1106 1828 1170 1876 ente
1183 1821 1284 1887 Herm,

157 1904 205 1972 qui
226 1903 359 1973 δόκρυσσι
376 1902 497 1970 scripsit;
515 1901 654 1971 όάκρυοισι
665 1903 720 1955 iem
731 1903 835 1972 idusgr.
855 1911 882 1958 et
900 1905 951 1958 hoc
963 1905 1004 1958 vel
1018 1905 1165 1970 όαιρόεσσι
1179 1904 1275 1973 Tyrwh

159 2018 189 2027 -
204 1986 367 2051 λιθούμενος
379 1989 412 2055 A,
431 2003 484 2056 quo
495 1985 618 2040 firmetur
630 1986 761 2040 Bernerdi
780 1989 848 2042 coni.
866 1988 913 2052 (ed
930 1989 1024 2043 Thom.
1037 1989 1146 2057 Megist.
1159 2004 1185 2056 p.
1199 1989 1283 2055 189h)

156 2073 237 2126 λίθου
253 2073 344 2139 μένος,
362 2089 379 2127 e
397 2073 501 2142 Tyrwh.
520 2079 548 2125 et
560 2072 651 2126 Herm.
665 2074 788 2140 probate.
819 2073 871 2127 Sed
890 2074 961 2142 quod
980 2075 1121 2140 ὑψικόμοιο
1139 2089 1188 2141 pro
1207 2076 1284 2140 ὀψια-

156 2161 216 2210 νοῖο
238 2158 317 2212 scribi
341 2158 449 2212 volehet
465 2157 602 2220 Bernerd,
624 2158 720 2211 merito
745 2159 779 2212 eh
802 2158 898 2212 iisdem
915 2159 1098 2228 vituperatum
1121 2165 1170 2213 eet.
1191 2159 1282 2212 λιόοό·

153 2261 237 2307 μενον
266 2244 377 2297 retiuuil
403 2245 519 2309 Gesner,
548 2243 593 2310 qui
616 2242 709 2302 πίτυος
732 2243 847 2312 δάκρυσι
876 2242 1041 2307 λιθούμενον
1073 2258 1133 2297 cum
1160 2242 1279 2298 Escheu·

154 2327 250 2382 bechin
270 2335 313 2382 ret
331 2327 387 2397 pini
406 2329 530 2398 lacrymis
553 2326 783 2395 lepidescentemc
803 2327 892 2381 vertit.
918 2359 953 2368 -
980 2329 1095 2392 όψανοίο
1114 2329 1144 2383 Β.
1163 2359 1193 2370 -
1217 2330 1280 2381 288

155 2411 280 2485 σμύρνην
297 2418 362 2482 (non
374 2413 481 2483 σμύρνη
493 2418 524 2466 ut
536 2419 577 2466 eet
589 2427 633 2479 ep.
645 2411 749 2478 Herm.)
768 2411 889 2478 σμίσγειν
906 2412 928 2464 Ρ
946 2412 1008 2476 eii,
1028 2412 1132 2479 σμίγειν
1146 2412 1168 2466 Β
1179 2414 1281 2481 Pel.V;

154 2498 293 2566 φολίδεσσι
305 2498 344 2551 Μ.
355 2528 388 2537 -
406 2498 469 2550 287
490 2496 639 2565 ἀργυρέοις
650 2496 675 2547 Α
685 2496 722 2563 M,
735 2496 896 2563 ἀργιφέεσσι
906 2495 929 2548 Β
940 2496 973 2558 V,
993 2496 1170 2564 ἀργιφὲεσσιν
1183 2498 1213 2565 P,
1232 2497 1281 2566 ἀρ·

152 2583 260 2650 γιςυέεσι
272 2583 337 2646 Ρολ.,
357 2581 518 2651 ἀργιφίσσιν
537 2580 598 2646 eit,
617 2580 768 2648 ἀργυφέοιο
782 2578 841 2633 edd.
854 2586 916 2648 post
934 2580 1027 2647 Steph.
1047 2610 1079 2621 -
1098 2598 1123 2635 v.
1137 2582 1200 2634 287
1219 2583 1283 2635 ἀπο-

153 2666 298 2737 στείχοντα
314 2669 340 2719 A
351 2666 389 2730 M,
408 2672 436 2718 et
456 2664 508 2718 PV
523 2665 550 2716 in
568 2670 655 2727 textu,
673 2663 878 2729 ἀποστίλβοντα
899 2664 921 2716 Β
934 2664 990 2718 Pel.
1010 2672 1038 2718 et
1056 2665 1078 2717 P
1091 2666 1116 2720 V
1133 2666 1160 2719 in
1184 2682 1283 2735 ταυτας

153 2748 225 2803 idem
243 2748 344 2802 hebent
362 2748 422 2803 edd.
433 2764 535 2816 omnes,
552 2753 634 2802 recte.
647 2763 688 2801 vv.
705 2746 867 2802 288-289
887 2749 926 2802 sic
944 2750 1075 2804 contracti
1092 2752 1193 2805 suntin
1206 2751 1282 2806 codd.

156 2832 223 2886 dett.
242 2838 270 2885 et
287 2831 350 2886 sit:
373 2832 469 2884 αὐτίκα
484 2832 542 2902 γάρ
560 2850 602 2885 τοι
620 2832 736 2885 δώσουσι
758 2834 905 2900 (δώσουσιν
926 2834 960 2898 Β)
979 2835 1006 2888 θ.
1025 2836 1129 2903 ἀγαθόν
1148 2855 1179 2889 τε
1198 2842 1226 2890 et
1244 2837 1283 2890 sic

154 2915 215 2972 edd.
236 2932 327 2971 omnes
352 2917 403 2971 nisi
429 2916 502 2985 quod
525 2918 638 2986 ἀγαθῶν
661 2935 693 2970 τε
715 2917 817 2973 hebent
840 2935 900 2974 cum
918 2919 943 2971 A
966 2927 995 2973 et
1018 2938 1060 2974 τοι
1077 2928 1139 2991 post
1155 2922 1210 2990 reip
1228 2920 1282 2990 pri-

152 3019 212 3057 mus
229 3003 333 3072 expulit
350 3003 442 3072 Steph.
466 3033 500 3044 -
523 3004 586 3056 288
604 3004 673 3057 αὐτὰ
690 3006 729 3072 Δ;
748 3009 837 3057 ταῦτα
855 3021 905 3073 ego
924 3005 1019 3073 scripsi
1041 3006 1068 3059 in
1086 3005 1172 3075 Epist.
1191 3022 1218 3074 p.
1236 3009 1280 3073 22,

152 3105 187 3143 ne
204 3088 386 3158 diphthongus
403 3089 430 3142 in
449 3106 494 3140 τοι
511 3096 574 3142 ente
598 3089 718 3143 vocelem
742 3089 770 3142 in
792 3090 861 3143 thesi
883 3090 1056 3157 producatur.
1092 3091 1153 3145 Non
1170 3090 1221 3143 nisi
1239 3095 1282 3143 ter

151 3174 204 3229 hoo
221 3189 305 3242 genus
322 3173 412 3227 hietus
424 3172 496 3242 apud
509 3180 630 3228 nostrum
643 3174 787 3228 edmissnm
798 3175 887 3243 reperi
906 3191 929 3226 r.
942 3179 976 3228 42
994 3175 1113 3229 τίσουσιν
1132 3173 1176 3226 rai
1195 3173 1280 3242 οἷκον,

150 3275 176 3313 ο.
194 3263 230 3314 50
248 3257 328 3310 tntae
346 3258 372 3310 ol
390 3258 444 3319 καί,
463 3263 490 3311 et
508 3274 532 3311 u.
550 3261 602 3312 680
619 3257 681 3308 ἀλλ’
700 3257 733 3310 οὔ
751 3258 775 3309 oi
791 3260 872 3327 μοῖρ’
892 3258 954 3311 ἔσκε
973 3266 1001 3312 et
1018 3260 1069 3313 hoc
1087 3259 1195 3327 quidem
1213 3272 1280 3312 sem·
1390 3279 1394 3288 ·

151 3359 202 3412 per
219 3349 282 3396 ente
300 3341 460 3396 vocobulum
484 3340 555 3409 quod
580 3341 729 3409 antiquitus
752 3341 886 3409 digemmo
909 3342 1069 3397 instructum
1092 3350 1157 3397 oret.
1194 3342 1282 3397 Miror

151 3429 221 3483 heec
238 3427 291 3481 tria
309 3425 432 3495 exemple
449 3426 515 3480 setis
533 3425 717 3480 memorehilie
734 3441 751 3479 e
768 3426 867 3481 Wielio
885 3426 913 3480 in
932 3426 1133 3496 quaestionibus
1151 3428 1184 3481 de
1202 3428 1280 3480 hietn

152 3544 446 3615 (p.8-10)ueglectti
467 3557 535 3598 esse.
557 3573 589 3583 -
613 3544 676 3596 290
699 3540 804 3597 είσσεαι
822 3544 853 3607 Β,
877 3511 982 3597 etalem
999 3543 1038 3612 V;
1055 3543 1121 3599 ἀπ’
1139 3544 1280 3617 ἐθέλῃσθα

151 3629 228 3685 codd.
246 3645 346 3694 omnes,
364 3626 435 3682 ἀσσε
453 3628 578 3698 dilecta
601 3627 659 3684 edd.
679 3635 742 3682 ente
760 3629 865 3697 Tyrwh.
884 3636 912 3682 et
934 3629 1036 3699 Herm,
1059 3631 1105 3698 qui
1126 3629 1192 3683 όσσ’
1217 3630 1277 3683 ἀθέ-

151 3715 244 3786 eperia
256 3728 291 3768 ex
303 3714 414 3770 Gesneri
426 3714 582 3769 coniectura
592 3721 767 3782 receperunt3
788 3712 845 3765 αἴτ’
864 3714 1003 3784 ἐθέλῃσθα
1016 3715 1161 3769 coniecisse
1173 3714 1280 3769 videtur

150 3798 285 3854 Eschonh.
303 3800 349 3867 qui
366 3800 460 3853 vertit:
481 3800 509 3854 si
527 3799 619 3854 scire
638 3798 824 3854 desideres.
843 3829 874 3840 —
894 3800 950 3852 291
970 3799 1095 3868 ἀλέγιινα
1113 3799 1145 3853 Β.
1164 3829 1193 3840 -
1215 3800 1278 3853 292

150 3900 249 3940 novum
266 3890 347 3953 ceput
363 3884 458 3953 incipit
474 3885 577 3948 Herm,
599 3900 653 3939 non
670 3884 803 3953 incipiunt
821 3884 898 3940 codd.
917 3891 944 3938 et
961 3883 1019 3939 rell.
1039 3882 1114 3946 edd.;
1132 3883 1223 3954 ἠελίου
1241 3886 1275 3952 Β;

150 3969 201 4023 λαέ
214 3971 245 4023 A.
264 3996 300 4010 -··
317 3970 380 4022 298
399 3968 491 4022 imre
507 3970 583 4023 δόντι
600 3985 628 4026 a.
647 3999 678 4010 -
698 3971 762 4024 294
779 3970 934 4038 ἐμπεφύασι
950 3970 990 4024 Μ.
1005 3999 1039 4009 -
1057 3970 1119 4022 296
1137 3970 1170 4040 γέ
1180 3988 1232 4034 μεν
1244 3973 1277 4024 A.

130 4083 184 4136 x-
203 4055 266 4108 298
286 4050 385 4106 ἀλλον·
404 4053 453 4105 τὸν
470 4053 520 4117 μέν
538 4055 563 4106 Α
581 4059 610 4108 et
625 4054 716 4110 Herm.
736 4067 770 4108 ex
786 4053 927 4123 Tyrwhitti
945 4054 1112 4123 coniecture;
1129 4053 1210 4108 ἀλλο·
1228 4055 1276 4107 τόν

202 4141 287 4191 Abel,
300 4140 382 4193 Orphei
397 4139 491 4183 Lithice.
1056 4146 1073 4195 5
1158 4172 1162 4180 .
