2866 4620
588 308 821 371 -110-

146 495 276 547 lecturam
295 493 330 547 ad
348 492 493 560 Tryphiod.
512 507 536 543 v.
555 495 607 545 408
623 508 650 559 p.
665 494 699 545 63
717 489 818 543 ἄπιστα
836 491 947 557 recepit.
984 489 1106 542 Bernard
1125 488 1160 542 ad
1180 487 1276 556 Synes.

148 577 181 637 de
194 577 301 630 Febrib.
314 594 340 645 p.
357 581 405 630 120
422 574 533 642 ἄφαντα
551 576 628 640 coni,
648 572 769 642 ἄκραντα
787 574 854 629 coni.
865 572 1009 627 werricus
1022 573 1057 627 ad
1069 573 1171 641 Tryph.
1184 590 1212 641 p.
1224 577 1273 628 301

147 665 230 716 -853
253 662 352 715 collato
376 660 504 727 imprimis
528 658 620 725 Quinti
644 659 782 728 Smyrnaei
803 658 862 713 loeo
887 657 940 710 XII
964 662 1015 712 626
1045 658 1078 711 de
1105 657 1275 711 Cassandrae

147 747 281 800 vaticiniis

278 827 319 899 οἴη
339 829 367 879 δ’
386 827 502 893 ἔμπεδον
520 828 591 899 ἦτορ
610 827 671 900 ἔχεν
691 828 802 880 πινοτόν
822 845 854 878 τε
874 826 962 895 νόημα

276 910 452 981 Κασσάνδρη,
471 917 531 980 τῆς
549 907 670 965 οὔποτ’
689 912 770 971 ἔπος
786 913 902 978 γένετ’
922 912 1119 980 ἀκράαντον

278 998 351 1049 ἀλλ’
370 995 428 1066 ἀρ’
448 998 620 1068 ἐτήτυμον
640 996 732 1048 ἔσκεν
751 996 865 1048 ἀκούετο
884 998 911 1046 δ’
932 995 960 1047 ἔκ
978 1012 1052 1054 τινος
1070 993 1159 1064 αἴσης,

275 1083 312 1142 ὡς
330 1083 479 1146 ἀνεμώλιον
497 1083 555 1152 ἦεν,
574 1080 611 1132 ἵν’
630 1079 715 1149 ἄλγεα
737 1078 826 1149 Τρωσὶ
842 1089 961 1150 γένηται.

149 1208 177 1255 et
188 1203 336 1256 Plutarcho
354 1203 382 1255 in
394 1203 473 1256 Polit.
491 1203 646 1270 Praeceptis
665 1217 686 1254 c.
705 1205 738 1254 28
758 1199 854 1269 ὥσπερ
872 1199 920 1252 οὖν
940 1205 988 1269 τῆς
1006 1196 1191 1266 Κασσάνδρας
1210 1197 1273 1250 eco-

150 1287 252 1357 ξούαης
270 1289 384 1357 ἀνόητος
400 1287 433 1356 ἦν
452 1290 468 1357 ἡ
486 1290 600 1356 μαντικὴ
619 1289 678 1345 τοῖς
694 1285 815 1345 πολίταις

303 1387 425 1458 ἄκραντα
443 1390 500 1459 γάρ
517 1407 553 1451 με
572 1390 677 1458 (φησὶν)
696 1388 777 1456 ἔθηκε
795 1390 933 1448 θεσπίζειν
953 1388 1027 1446 θεός.
1047 1392 1097 1440 etc.

150 1510 242 1564 Voluit
260 1516 350 1563 antem
367 1509 511 1563 Werniclre
530 1508 654 1577 ἄκραντα
673 1511 811 1569 θεσπίζειν
831 1525 889 1563 esse
907 1509 1029 1562 futura
1044 1508 1116 1561 sins
1136 1506 1208 1559 ullo
1229 1505 1276 1558 ei·

152 1595 245 1647 iectu
263 1594 528 1661 praenuntiare,
551 1610 604 1646 non
622 1610 686 1647 vero
705 1594 794 1648 falsa
811 1594 983 1647 vaticinia
1002 1593 1114 1646 edere.
1153 1590 1277 1644 Eandem

151 1679 332 1732 coniecturam
357 1679 459 1731 fecerat
481 1679 558 1745 Toup
582 1678 610 1731 in
632 1679 771 1732 Animadv.
795 1679 824 1731 in
847 1678 1050 1745 Longinump.
1074 1681 1135 1741 188,
1163 1681 1276 1742 poetam

150 1767 270 1815 nostrum
287 1776 380 1814 versus
397 1760 457 1813 illos
476 1775 492 1813 a
510 1761 654 1814 Plutarcho
676 1767 795 1814 servatos
813 1761 963 1828 respexisse
974 1767 1081 1828 putans.
1118 1759 1170 1814 Sed
1190 1759 1277 1826 ἀκρά-

152 1864 220 1898 αντα
238 1863 291 1901 non
309 1843 430 1913 ἄκραντα
449 1845 536 1899 dicere
562 1845 654 1898 debuit
672 1847 764 1913 epicos
782 1852 876 1913 poeta,
902 1862 985 1913 quare
1003 1846 1216 1900 Merriekiauum
1236 1859 1276 1897 re-

153 1932 218 2000 cepi.
240 1960 267 1968 *
292 1931 353 1983 767
368 1931 513 1990 decredere
533 1931 594 1997 ail3
617 1932 739 2001 ἐτήτυμα
757 1932 786 1998 Ρ,
806 1932 927 2001 ἐτάτημα
946 1933 975 1985 Β.
1000 1963 1034 1973 -
1061 1933 1122 1985 767
1139 1931 1276 2000 κρατερὸν

151 2018 189 2077 Α;
209 2015 293 2086 ὅρκον
312 2017 365 2069 PV
383 2015 443 2082 aif3
462 2015 605 2077 ἐνισπὲμέν
630 2014 744 2082 requirit
761 2014 865 2068 Nauck.
883 2015 947 2068 Mel.
963 2015 991 2067 ll
1009 2031 1034 2082 p.
1053 2016 1112 2079 417,
1131 2013 1178 2067 cfr.
1197 2013 1233 2067 ad
1251 2030 1276 2067 r.

151 2106 209 2155 402.
221 2133 255 2143 —
274 2101 458 2167 ἀνθρώποισιν
477 2100 558 2153 tacite
571 2099 662 2152 Herm.
677 2130 701 2138 -
722 2100 784 2152 770
799 2101 951 2169 ἑκατήβολε
963 2100 994 2154 Β.
1009 2129 1043 2138 -
1059 2099 1114 2152 771
1128 2098 1166 2157 ὡς
1184 2099 1221 2164 Β;
1240 2097 1276 2165 ἂρ

151 2187 248 2240 APV.
280 2184 374 2237 ›rNune
392 2184 514 2252 Orpheus
533 2198 681 2238 sermonem
699 2185 917 2238 Theiodamantis
938 2191 966 2238 et
984 2190 1172 2251 argumentum
1192 2182 1277 2236 libelli

151 2270 263 2337 finitum,
282 2285 355 2322 more
374 2268 486 2321 aliorum
500 2268 665 2336 dialogorum
679 2269 822 2323 declarate
842 2270 977 2323 Gesner.
997 2271 1062 2324 »765
1075 2276 1102 2322 et
1114 2271 1165 2323 766
1180 2268 1275 2337 [vulp]

152 2356 207 2408 sive
226 2355 421 2408 Theodamanti
440 2355 495 2408 sire
513 2355 626 2409 Auctori
644 2354 805 2423 tribuantur,
824 2372 876 2409 non
894 2355 1008 2409 multum
1025 2354 1121 2407 refert:
1149 2351 1196 2406 sed
1214 2353 1277 2406 huic

151 2440 241 2508 potius
259 2438 415 2492 tribuendos
432 2439 569 2506 existimo,
594 2441 719 2507 quoniam
742 2456 791 2507 per
814 2440 1028 2494 coniunctionem
1051 2438 1082 2490 a
1105 2438 1134 2491 in
1151 2453 1207 2491 ver.
1227 2439 1276 2493 767

154 2525 248 2595 [vulp]
268 2540 329 2578 eum
346 2523 468 2577 versibus
486 2523 589 2577 duobus
607 2525 779 2592 sequentibus
805 2525 928 2579 connecti
946 2523 1079 2590 ridentur,
1099 2523 1145 2590 qui
1164 2521 1276 2576 ductori

151 2610 303 2664 necessario
331 2609 466 2662 tribuendi
489 2614 558 2661 sunt.
594 2608 685 2662 Sermo
711 2609 814 2663 scilieet
836 2608 1045 2663 Theodamantis
1069 2623 1130 2661 cum
1155 2621 1277 2661 sermone

152 2695 248 2748 Heleni
274 2694 388 2747 eundem
412 2693 492 2747 finem
516 2693 626 2760 habuit;
649 2692 720 2760 quod
742 2694 875 2763 explicate
894 2694 1011 2748 indicare
1028 2694 1133 2746 Auctor
1151 2707 1276 2761 superra-

153 2793 232 2831 cuum
250 2778 350 2834 duxit«
370 2778 498 2846 Tyrwh.
530 2778 629 2831 »Immo
647 2778 856 2832 Theodamantis
874 2784 936 2832 sunt
953 2793 1046 2831 versus
1058 2778 1109 2831 765
1123 2777 1218 2846 [vulp]
1236 2791 1277 2830 trs·

153 2877 205 2930 que
230 2862 264 2916 ad
287 2861 367 2914 finem
390 2861 522 2914 carminis.
558 2862 657 2915 Mirum
681 2863 760 2930 enim,
778 2863 857 2916 immo
876 2862 1020 2916 absurdum
1037 2862 1125 2924 foret,v
1139 2863 1171 2924 si,
1196 2875 1277 2930 quum

153 2944 322 2999 Theodamas
340 2945 476 2998 retulisset
494 2944 590 2997 Heleni
609 2961 765 3014 sermonem,
784 2947 853 3000 alter
871 2946 922 2999 iste
941 2946 957 2999 i.
971 2963 993 3000 e.
1007 2947 1123 3015 scriptor
1134 2947 1203 3014 ipse,
1221 2946 1277 3014 qui·

154 3044 213 3083 cum
232 3029 351 3097 loquitur
368 3028 552 3096 Theodamas,
575 3029 690 3098 diceret,
715 3032 751 3091 ὣς
774 3029 825 3099 ἀρ’
848 3031 899 3101 ἔφη
925 3029 1059 3098 Πριάμοιο
1083 3031 1148 3090 οἰός.
1185 3029 1277 3085 Ultimi

153 3131 216 3170 vero
235 3114 287 3169 duo
306 3130 398 3168 versus
416 3130 432 3168 a
450 3115 651 3180 Theodamante
670 3117 763 3170 eodem
781 3119 848 3185 iure,
872 3133 925 3185 quo
944 3117 1053 3183 abipso
1072 3115 1206 3182 scriptore
1226 3113 1278 3168 dici

154 3206 308 3269 potuerunt.
345 3200 415 3253 Nam
438 3206 551 3269 uterque
575 3201 635 3254 riae
658 3201 795 3255 molestias
818 3201 984 3256 sermonibus
1006 3199 1084 3253 leniri
1108 3205 1276 3268 optaverat«

153 3285 329 3338 Hermann.
359 3284 456 3338 Omnes
468 3291 595 3352 quattuor
606 3300 699 3338 sersus
711 3292 809 3354 poetae
825 3287 919 3340 tribuit
931 3286 961 3339 0.
975 3285 1121 3340 Schneider
1139 3285 1169 3338 in
1182 3286 1278 3341 Nican-

154 3369 279 3423 dreerum
296 3369 381 3437 praef.
399 3386 425 3436 p.
441 3373 498 3423 128.
534 3368 628 3435 »Quod
642 3370 750 3438 quidem
765 3371 822 3424 sine
834 3371 1004 3425 obscuritatis
1022 3369 1114 3437 aliqua
1132 3369 1279 3426 offensione

154 3452 213 3507 lieri
230 3455 304 3508 nulle
328 3454 406 3508 modo
427 3460 531 3522 potest;
555 3471 618 3508 nam
641 3462 703 3523 post
726 3472 819 3510 versus
841 3472 928 3524 paene
951 3462 1086 3510 trecentos
1110 3471 1211 3526 eosque
1229 3472 1279 3524 per

153 3539 255 3593 variam
272 3540 413 3593 materiem
431 3541 600 3594 continuatos
618 3557 668 3609 par
686 3546 745 3595 erat
763 3541 893 3596 formulae
913 3543 951 3600 tr
968 3539 1019 3608 ἀρ’
1037 3541 1103 3611 ἔφη,
1128 3542 1151 3596 si
1170 3549 1280 3611 poetam

154 3624 223 3679 haec
240 3623 339 3678 addere
357 3629 492 3692 putamus,
510 3626 658 3680 narratoris
676 3642 773 3679 nomen
786 3643 838 3681 non
854 3627 956 3690 deesse,
975 3627 1075 3695 quippe
1093 3634 1156 3694 post
1174 3633 1280 3682 tantum

154 3724 279 3764 versuum
299 3725 443 3779 rerumque
466 3712 562 3764 seriem
587 3727 621 3764 ex
643 3712 772 3765 memoria
795 3713 850 3766 sire
874 3713 1021 3779 legentium
1038 3713 1094 3766 sire
1113 3712 1280 3766 audientium

154 3793 234 3849 iacile
257 3794 402 3862 elapsum«
429 3796 517 3850 Wiel
535 3813 562 3864 p.
580 3801 614 3851 29
632 3827 664 3837 -
683 3812 724 3850 vr.
737 3800 796 3852 771.
808 3799 859 3852 772
877 3796 1079 3863 Theodamanti‚
1097 3813 1139 3850 rr.
1159 3799 1218 3853 778.
1231 3797 1284 3852 774

154 3883 253 3947 poetae
271 3879 352 3933 etiam
370 3880 530 3936 Seidenadel
547 3898 574 3950 p.
594 3886 625 3936 lo
643 3883 775 3936 attribuit.
808 3885 949 3938 Caeterum
966 3883 1014 3938 cfr.
1027 3882 1057 3935 0.
1071 3881 1229 3936 Schneideri
1246 3880 1281 3934 de

154 3960 199 4043 itis
212 3962 335 4019 'versibus
353 3967 435 4020 verba
454 3967 470 4020 l.
489 3967 519 4020 l.:
545 3982 634 4035 equos,
654 3968 693 4020 uti
712 3984 784 4022 nune
800 3970 893 4036 scripti
912 3975 982 4036 sunt,
1006 3968 1123 4035 eleganti
1141 3973 1226 4035 poeta
1242 3966 1281 4019 in·

155 4046 254 4119 danos
268 4063 379 4117 cense03
402 4068 464 4105 nam
489 4069 570 4120 quum
589 4053 641 4107 duo
659 4054 764 4121 priores
784 4069 837 4107 non
855 4054 907 4107 nisi
925 4054 1093 4108 Theodamas
1112 4052 1203 4121 eloqui
1220 4066 1280 4120 pos·
