2866 4620
668 337 899 401 ..188-

458 589 612 656 XXXlll.
644 588 763 673 Lapis
785 591 1107 657 Charoedonius.

307 725 549 792 Charoedonins
570 726 653 808 lapis
675 733 824 809 pertusus
847 733 881 792 et
901 728 1047 793 obtentus
1069 726 1172 802 terrm
1195 728 1253 810 qui
1276 749 1353 794 aum

224 834 343 912 portat,
367 832 464 895 vincit
485 851 624 895 oausam.

494 1067 640 1134 XXXIV.
674 1067 796 1150 Lapis
818 1067 1069 1132 Galactites.

313 1204 491 1270 Galactites
513 1205 609 1288 lapis:
636 1206 721 1271 huno
741 1204 873 1286 quidam
896 1210 1011 1269 vocant
1034 1202 1226 1278 Anaohitem
1255 1204 1386 1271 alterio

226 1313 333 1372 autem
355 1308 643 1392 Leuoographiten;
667 1309 722 1374 alii
746 1310 891 1391 Aegyptii
913 1306 1135 1388 smaragdum,
1156 1305 1213 1371 alii
1229 1305 1349 1372 Galba-

224 1409 315 1472 titeu.
359 1409 477 1474 Dicunt
498 1411 584 1492 magi
606 1418 639 1474 et
660 1411 810 1492 Aegyptii
832 1410 1016 1492 Syneoiteu‚
1044 1409 1187 1474 continet
1208 1409 1295 1473 enim
1316 1410 1351 1473 in

224 1531 258 1574 so
274 1513 391 1589 omnia,
408 1533 490 1595 quae
507 1513 715 1576 destinaveris
730 1512 816 1577 solus
832 1514 971 1578 omnium
986 1511 1142 1593 lapidum.
1176 1509 1241 1573 Sed
1255 1509 1352 1574 Osta-

222 1633 291 1689 nes,
322 1615 474 1697 magister
496 1635 662 1696 magorum
686 1615 843 1694 omnium,
866 1613 1041 1696 appellarit
1063 1633 1137 1677 eum
1161 1633 1260 1694 super
1284 1632 1352 1676 om-

223 1715 277 1779 nia
305 1718 461 1782 vocabula
486 1717 696 1800 Lethargum,
732 1718 824 1802 quasi
850 1717 991 1780 omnium
1027 1714 1218 1780 oblivionem
1249 1715 1402 1780 malo-1⁰

224 1839 306 1896 rum,
328 1820 404 1883 iacit
432 1821 515 1884 enim
538 1827 572 1883 et
591 1820 718 1884 utilium
744 1820 956 1899 negotiorum.
989 1817 1149 1882 Laudavit
1168 1823 1240 1882 eum
1267 1822 1351 1881 tam-

228 1939 324 2001 qnam
347 1921 452 1985 nullus
474 1922 556 1986 alins
576 1928 686 1985 tantas
709 1921 790 1985 vires
811 1919 920 1986 habat.
967 1922 1038 1986 Non
1065 1921 1149 1985 enim
1170 1920 1352 1985 exauditu

269 2072 284 2123 1
297 2078 324 2124 et
337 2073 357 2124 2
371 2072 547 2126 charcedonio
559 2091 585 2138 c,
598 2104 629 2113 -
647 2073 667 2124 2
680 2072 803 2126 abtaotus
817 2073 853 2134 0,·
869 2103 903 2113 -
919 2070 1127 2132 tenacitem,
1145 2069 1283 2124 Galaaites
1296 2070 1351 2122 Pi·

224 2161 289 2222 tra,
301 2156 348 2224 qni
360 2155 435 2210 addit
452 2157 527 2210 »fort
541 2156 719 2221 Galaotitesr3
737 2155 764 2208 id
781 2157 887 2221 recepi3
903 2185 938 2196 -
955 2156 976 2207 ⁶
998 2155 1042 2208 Ex
1054 2155 1231 2222 Damigerona
1250 2169 1351 2222 graeco

222 2239 321 2293 hausta
338 2256 396 2294 esse
414 2248 493 2308 putat
511 2241 580 2295 Rose
598 2241 616 2296 l.
628 2241 646 2294 l.
660 2257 686 2308 p.
698 2245 750 2294 480
766 2255 837 2308 quaa
854 2241 927 2308 apud
948 2240 1063 2294 Psellnm
1082 2241 1147 2308 περὶ
1164 2241 1250 2292 λίθων
1269 2241 1351 2292 δυνά·

223 2340 297 2385 μεων
316 2325 442 2392 leguntur
459 2341 521 2393 pag.
542 2330 573 2379 12
591 2326 633 2379 ed.
654 2325 797 2379 Ber-narn:
819 2327 834 2377 ὁ
850 2326 1012 2395 γαλαππίτης
1030 2326 1182 2396 ἀπορρήτῳ
1199 2325 1285 2393 βρύει
1301 2326 1351 2391 γά-

224 2409 307 2475 λακτι,
327 2409 409 2461 ἔνθεν
427 2411 482 2478 γὰρ
500 2413 575 2482 αὐτῷ
594 2413 638 2462 καὶ
655 2409 789 2474 τοῦνομα·
807 2417 934 2482 κατασπᾷ
952 2411 982 2462 δὲ
997 2411 1070 2476 γάλα
1087 2412 1147 2469 ταῖς
1162 2408 1285 2479 γυναιξί·
1303 2410 1351 2480 λή-

223 2496 276 2563 θην
294 2496 325 2548 δὲ
344 2496 492 2563 ἐργάζεται
512 2497 554 2549 καὶ
570 2497 678 2566 μνήμην
704 2501 759 2548 τῶν
783 2500 886 2548 κακῶν·
913 2497 978 2564 [τῶν
1001 2498 1093 2548 καλῶν
1118 2495 1188 2550 ooni.
1205 2495 1349 2565 Bamard]

225 2580 370 2640 darideror
389 2582 447 2648 γάρ
471 2583 512 2649 [δὲ
529 2583 597 2636 coni.
615 2582 757 2650 Bernard.]
784 2582 843 2633 ἐστι
868 2582 911 2634 καὶ
935 2582 1040 2651 θηρίων
1066 2580 1177 2651 πληγαῖς
1199 2581 1352 2649 repenarde

222 2665 350 2732 γεγονώς.
371 2697 402 2706 -
421 2667 440 2717 6
461 2666 607 2720 Galeotites
625 2681 700 2734 ego,
719 2666 858 2719 Galaoiten
877 2685 898 2733 ο,
916 2666 1065 2720 Galaotites
1082 2666 1151 2734 lapis
1167 2681 1224 2720 om.
1235 2685 1271 2732 p;
1289 2667 1347 2736 qui-

224 2747 284 2801 dam
292 2768 318 2814 p.
332 2780 362 2788 —
377 2750 429 2803 Ctr.
441 2751 509 2803 Plin.
518 2750 648 2803 XXXVII
660 2755 702 2810 59,
716 2755 777 2805 162:
797 2751 925 2804 »eandem
937 2750 1111 2820 leucogaeam
1122 2759 1151 2803 et
1162 2749 1351 2819 leucographi-

226 2834 274 2886 tim
288 2835 427 2903 appellant
438 2845 467 2888 et
484 2836 689 2904 synnephitimr,
706 2836 752 2888 ubi
765 2851 798 2888 ex
811 2835 995 2903 antiquissimo
1006 2835 1097 2890 codice
1109 2835 1302 2903 Bambergensi
1320 2842 1351 2889 ut

225 2927 372 2987 reponatur
381 2922 596 2989 synochitim,
609 2922 704 2975 suadet
712 2921 900 2989 Damigeronis
909 2923 993 2976 nostri
1004 2921 1184 2989 synaoiten.
1203 2920 1257 2974 Pro
1267 2934 1351 2974 sma-

225 3006 364 3072 ragdum
376 3012 465 3058 autem
478 3010 505 3071 (v
519 3010 546 3071 6)
556 3006 738 3072 reponendum
750 3006 816 3058 milri
829 3006 936 3060 videtur
953 3021 1123 3061 moroxum
1135 3005 1179 3057 vel
1196 3005 1351 3058 morooh·

225 3090 330 3156 thum,
350 3091 397 3144 cfr.
413 3091 521 3143 Aetium
539 3090 566 3143 II
588 3095 619 3144 16
636 3091 817 3161 λεοπογραφὶς
833 3093 851 3162 ἢ
868 3091 910 3154 μό
916 3091 1022 3159 ροξος
1039 3096 1068 3142 et
1084 3089 1199 3143 Plinium
1216 3088 1351 3142 XXXVII

225 3178 268 3233 63,
288 3175 337 3228 173
355 3173 575 3228 Moroehthos
587 3175 675 3226 colore
689 3189 819 3241 porraceo
835 3175 930 3227 lacte
949 3173 1054 3228 sudat.
1072 3205 1107 3214 —
1131 3174 1195 3228 7.8
1214 3174 1352 3228 ›oontiuat

224 3260 294 3312 enim
313 3260 341 3312 in
353 3273 381 3311 se
400 3257 527 3312 somnia
544 3259 632 3326 quad
644 3263 687 3325 (=
700 3258 787 3326 quaad
806 3282 839 3307 =
857 3259 955 3326 quoad,
971 3259 1019 3314 cfr.
1030 3259 1142 3326 Jordan,
1160 3259 1288 3326 Beitrage
1301 3275 1351 3314 zur

225 3343 385 3397 Gesohichte
406 3344 455 3397 der
477 3343 523 3396 lat.
541 3343 659 3411 Spraohe
677 3361 703 3410 p.
722 3345 784 3409 347)
807 3343 1025 3397 estimaveris
1047 3345 1120 3397 solus
1142 3344 1261 3398 omnium
1284 3343 1351 3410 lapi-

225 3430 303 3483 dum«
323 3431 390 3483 coni.
403 3428 482 3495 Ring,
501 3429 546 3481 vix
563 3434 645 3482 recte.
678 3428 825 3482 Dicebatur
842 3430 912 3482 anim
930 3430 998 3497 lapis
1016 3430 1165 3500 οονεχίπης,
1182 3429 1249 3498 qnia
1266 3429 1351 3485 tonti-

225 3520 271 3568 net
282 3516 413 3583 (συνέχει)
430 3515 457 3566 in
470 3529 497 3566 se
512 3515 601 3567 omnia
613 3520 672 3580 etc,
692 3530 776 3582 quare
787 3522 916 3582 punctum
930 3521 992 3582 post
1002 3515 1186 3583 Synaciten
1204 3514 1233 3568 in
1245 3530 1351 3569 oomma

225 3600 334 3653 mutavi.
351 3630 381 3640 -
401 3599 542 3668 8destin.]
558 3600 660 3653 conicio
678 3599 952 3666 desideraverim
982 3631 1007 3638 -
1038 3599 1152 3653 Ostanes
1169 3614 1231 3666 ago
1250 3615 1285 3654 ex
1298 3601 1351 3656 Ta·

225 3684 263 3738 tio
282 3690 310 3737 et
328 3684 503 3745 Tertulliano,
522 3682 639 3736 Ostanen
652 3703 673 3744 c,
692 3682 792 3736 Ostane
801 3701 820 3749 p
826 3703 834 3744 ;
851 3713 886 3723 -
904 3684 939 3736 10
956 3682 1107 3750 lethargum
1119 3697 1195 3750 ego.
1213 3683 1351 3752 lytargum

225 3788 247 3831 ο,
266 3768 410 3835 lithargum
426 3786 453 3834 p;
480 3799 503 3806 ψ
526 3767 560 3819 12
579 3769 658 3836 enim]
678 3767 759 3820 etiam
780 3767 888 3834 Pitra,
912 3767 958 3836 qni
975 3774 1117 3834 praeterea
1136 3766 1352 3822 laeilitatam

225 3870 274 3920 pro
293 3855 378 3909 facit
401 3855 484 3907 enim
506 3862 540 3906 et
558 3855 637 3921 coni,
656 3853 703 3906 sed
721 3859 803 3920 recte,
821 3861 851 3906 ut
868 3852 989 3920 ridetur,
1006 3854 1078 3920 Ring
1095 3867 1199 3907 oomma
1216 3869 1272 3906 non
1289 3859 1352 3922 pout

225 3938 386 3991 malornm
404 3938 450 3992 sed
462 3944 524 4006 post
540 3937 628 3990 lacit
645 3936 795 4003 ponendum
809 3949 867 3988 essa
883 3943 970 4003 putat,
988 3952 1102 4006 sequana
1119 3937 1206 3990 enim
1222 3952 1274 4005 pro
1291 3937 1352 3992 im·

226 4038 273 4075 mo
292 4025 395 4076 etiam
414 4024 514 4077 dictum
532 4037 590 4075 esse
608 4029 690 4075 ratus.
707 4051 742 4062 -
759 4023 793 4073 12
810 4006 842 4076 Εἰ
859 4040 880 4089 ο,
898 4020 1011 4075 haberet
1024 4040 1059 4088 p,
1075 4053 1109 4064 -
1126 4023 1162 4074 12
1178 4021 1352 4076 exauditum

227 4127 254 4169 ος
274 4108 331 4160 sed
348 4117 411 4175 post
427 4109 514 4176 magi
532 4107 592 4161 add.
609 4125 638 4173 p.
