2866 4620
576 340 811 404 -119-

138 529 212 593 viris
240 528 383 611 placere:
418 526 595 591 communis
624 525 708 590 enim
736 523 819 606 lapis
849 527 907 588 est.
952 522 1103 588 Gestatus
1132 543 1257 606 quoqne

136 630 321 694 firmitatem
343 628 377 693 in
401 628 542 693 oratione
564 626 708 709 praebet.
748 624 840 689 Facit
861 625 960 690 etiam
981 629 1164 707 portantem
1187 643 1258 707 spe·

136 732 256 797 ciosum
279 738 312 796 et
332 732 572 813 magnanimum
596 736 629 794 et
651 727 789 811 probum
813 730 847 791 et
867 726 996 803 bonnm,
1020 726 1126 791 onmia
1140 745 1257 810 propo·

139 833 202 898 sita
223 833 420 898 obtinentem
442 830 579 896 fortibus
600 829 798 894 tutamentis.

476 1035 545 1099 XX.
579 1032 703 1115 Lapis
732 1031 918 1115 Gagates.
1042 1039 1047 1049 ‘
1274 1045 1291 1095 1

221 1170 361 1253 Gagates
384 1189 459 1233 vero
481 1166 566 1251 lapis
587 1168 746 1233 iuvenitur
759 1166 792 1231 in
808 1165 946 1246 flumine,
969 1166 1055 1251 quod
1076 1168 1259 1251 appellatur

137 1273 279 1355 (lagano.
315 1271 373 1336 Est
390 1276 499 1335 autem
515 1270 660 1335 sublineo
677 1268 782 1335 colore
797 1268 965 1351 magisque
979 1267 1113 1351 longius.
1151 1269 1259 1335 Habet

137 1381 245 1442 autem
261 1376 394 1439 virtutes
408 1393 542 1456 magnas
565 1377 597 1437 et
621 1371 768 1453 optimas.
809 1369 995 1434 Mulieribus
1017 1375 1124 1434 autem
1147 1371 1173 1435 si
1195 1391 1258 1436 non

137 1477 287 1544 fluxerint
309 1481 481 1548 menstrua,
505 1475 532 1538 si
555 1473 638 1538 huuc
661 1472 802 1556 lapidem
826 1476 971 1537 conteres
993 1476 1026 1535 et
1047 1492 1146 1554 pones
1163 1493 1259 1557 super

136 1581 291 1645 carbones
307 1577 468 1654 ardentes,
493 1574 610 1640 deinde
625 1575 737 1639 iubeas
751 1573 875 1639 mulieri
890 1573 1107 1657 circumgredi,
1132 1581 1169 1639 ut
1189 1583 1258 1641 ute·
1278 1577 1310 1628 10

137 1702 192 1745 rus
215 1681 282 1744 eius
305 1683 494 1761 vaporetur,
523 1684 556 1742 et
583 1677 628 1740 sic
658 1675 848 1758 purgabitur
875 1679 907 1739 11
930 1675 998 1740 sine
1020 1675 1115 1740 noxio
1138 1677 1258 1744 ataine

139 1781 258 1848 dolore.
303 1781 336 1846 Si
359 1781 429 1866 quis
452 1785 558 1843 autem
590 1779 749 1859 mancipia
775 1782 933 1842 mercatur
955 1783 987 1842 11
1009 1777 1076 1842 vult
1097 1779 1193 1859 scire,
1222 1786 1259 1844 ut

137 1885 266 1949 nonsit
293 1905 332 1949 ex
355 1882 400 1947 eis
422 1880 560 1945 caducus
588 1884 645 1944 aut
673 1879 844 1959 lunaticus,
875 1880 1030 1946 succende
1057 1880 1197 1964 lapidem
1226 1890 1259 1949 et

138 1988 166 2051 si
188 1986 303 2069 aliquis
333 1984 398 2049 tale
420 1985 530 2048 vitium
554 1984 716 2062 babuerit,
744 1985 777 2047 in
805 1985 874 2066 ipso
895 1984 971 2049 vitio
995 1985 1103 2050 cadet:
1133 1991 1258 2051 tantam

138 2090 287 2154 virtutem
317 2085 416 2150 habet
451 2086 512 2150 iste
538 2085 633 2167 lapis.
687 2085 821 2150 Omnem
849 2084 996 2151 fraudem
1027 2093 1061 2151 et
1086 2086 1259 2169 ligamenta
1278 2100 1309 2151 11

139 2191 300 2275 persolvit,
325 2193 357 2253 et
379 2208 548 2253 succensus
571 2209 682 2254 omnes
703 2209 821 2272 angues
844 2194 877 2254 et
893 2189 1018 2272 viperas
1040 2195 1073 2257 et
1095 2197 1258 2274 serpentes

139 2291 258 2375 effugat
280 2313 319 2357 ex
341 2290 422 2356 loco.

484 2475 571 2545 XXI.
602 2475 723 2559 Lapis
752 2476 917 2542 Medius.

225 2627 454 2710 Medius-lapis
477 2629 566 2710 niger
589 2635 654 2709 est;
677 2631 774 2693 tritus
796 2637 903 2695 autem
918 2630 1034 2694 emittit
1048 2649 1194 2696 croceum
1210 2651 1260 2697 co·

139 2727 247 2794 lorem.
294 2728 412 2794 Multas
442 2729 543 2794 bonas
578 2737 610 2794 et
645 2731 746 2794 malas
779 2733 938 2814 potentias
966 2732 1073 2797 habet
1123 2732 1158 2797 Si
1187 2734 1260 2816 quis
1277 2751 1312 2802 ab

207 2891 227 2942 2
246 2890 273 2942 in
292 2890 440 2944 orationem
453 2908 481 2957 03
491 2921 525 2931 -
537 2892 559 2942 4
577 2891 661 2960 optin.
679 2910 706 2954 ος
720 2923 754 2933 -
768 2893 787 2944 ὃ
801 2892 860 2947 116
874 2893 997 2961 Gagaten
1012 2892 1044 2958 03
1058 2922 1086 2932 —
1103 2893 1121 2945 7
1136 2892 1258 2963 Gagano]

139 2974 173 3027 ab
190 2975 249 3030 aliis
268 2974 378 3042 Gages
396 2981 515 3029 vocatur.
530 3007 562 3016 -
575 2977 595 3029 9
611 2984 774 3032 menstruam
791 2998 819 3039 1;
836 2980 958 3031 -10.11
969 2984 1000 3031 ut
1011 2984 1049 3032 ut.
1061 2977 1118 3031 eius
1131 2993 1191 3044 vap.
1204 2992 1260 3031 om.

136 3077 169 3128 ρ;
187 3092 221 3101 -
244 3062 281 3112 14
303 3061 371 3115 11111
390 3081 418 3122 1;
447 3092 478 3101 -
505 3062 539 3113 16
564 3069 591 3114 11
615 3062 720 3129 viperas
745 3079 801 3116 om.
823 3082 849 3128 ρ,
874 3069 902 3116 11
922 3061 1059 3129 ripariae,
1084 3061 1170 3128 quod
1187 3077 1260 3116 cor·

139 3146 211 3199 rexi
219 3167 226 3207 ;
240 3177 273 3185 —
290 3146 325 3198 17
339 3147 450 3214 exfugat
462 3166 483 3198 c.
499 3177 532 3184 —
545 3145 588 3197 Ex
600 3145 651 3198 hoc
663 3147 752 3213 capite
763 3146 821 3200 cod.
834 3151 912 3200 8454:
927 3145 1027 3199 »Evam
1039 3146 1176 3213 Mancipia
1187 3147 1209 3198 si
1221 3146 1261 3199 ris

140 3243 227 3282 amere
244 3229 296 3282 hoe
313 3231 377 3284 trito
391 3229 532 3297 suffumiga
545 3236 572 3282 et
588 3231 678 3283 statim
697 3237 811 3298 apparet
823 3232 846 3284 si
858 3231 991 3284 lunaticus
1008 3231 1114 3283 fuerit«
1131 3260 1166 3270 -
1180 3231 1216 3282 18
1233 3238 1261 3283 11

140 3311 283 3364 19111111
301 3328 315 3365 1
323 3328 361 3379 go
381 3328 420 3364 ex
434 3313 541 3365 Diasc.
555 3319 587 3366 11
606 3315 718 3381 Marb,
732 3315 837 3368 Medius
849 3335 891 3380 cp.
902 3345 937 3355 -
948 3315 989 3368 De
1007 3316 1058 3370 hoc
1070 3321 1159 3369 autem
1172 3315 1261 3384 lapide

140 3395 184 3448 udi
203 3395 372 3449 vincentium
389 3396 608 3449 Bellovacensem
626 3397 643 3450 1.
663 3397 679 3450 l.
699 3413 756 3466 cap.
777 3398 914 3452 LXXXV:
940 3399 1140 3469 »Dyascoridea
1165 3401 1261 3456 Medus

140 3480 208 3546 lapis
226 3481 254 3533 in
270 3478 360 3533 media
376 3480 500 3532 inventus
519 3488 571 3533 est‘:
591 3482 663 3548 apud
675 3481 785 3535 fluvium
803 3483 884 3536 faeni:
902 3484 972 3537 uude
990 3492 1018 3538 11
1035 3502 1131 3540 nomen
1148 3489 1260 3556 accepit.

140 3565 225 3634 Niger
243 3565 350 3633 quidem
367 3571 408 3619 est
426 3565 474 3619 sed
492 3566 571 3619 tritus
590 3567 705 3620 colorem
725 3583 846 3622 croceum
865 3570 971 3624 emittit.
1000 3570 1050 3624 Est
1067 3577 1157 3624 autem
1175 3572 1261 3642 dupli-

140 3651 178 3704 cis
195 3651 330 3719 potentie:
348 3650 417 3704 bone
436 3666 455 3704 s.
481 3656 508 3703 11
526 3652 603 3704 male.
639 3651 755 3717 Namet
772 3653 851 3707 tritus
868 3654 896 3707 in
916 3662 1024 3708 coctura
1041 3657 1192 3711 medicinali
1212 3660 1261 3728 [sic

140 3751 189 3802 pro
207 3750 309 3803 super
333 3735 516 3791 coticulam
541 3736 636 3808 med]
665 3753 723 3791 cum
742 3738 811 3792 lacte
829 3738 959 3792 mulieris:
979 3755 1030 3807 que
1049 3742 1131 3795 semel
1149 3759 1261 3809 puerum

140 3819 226 3887 primo
245 3827 325 3888 partu
343 3821 440 3875 edidit:
460 3831 488 3874 11
505 3829 614 3875 unctus:
634 3823 772 3891 albugines
790 3824 926 3878 oculorum
943 3833 1019 3879 curat
1037 3833 1064 3880 11
1082 3843 1187 3882 omnem
1204 3828 1262 3883 illo·

141 3920 199 3956 rum
218 3905 344 3959 dolorem.
363 3906 443 3960 etiem
461 3907 583 3960 siluerit
604 3906 770 3974 desperatus.
788 3909 947 3977 podagricos
965 3910 1045 3964 ctiam
1058 3912 1152 3966 eodem
1169 3912 1262 3968 morbo

144 3988 213 4057 [lega
231 3990 335 4058 modo]
355 4005 415 4043 cum
433 3991 502 4045 lacte
521 3992 591 4045 ovis:
613 4007 664 4059 que
683 3993 765 4046 semel
777 3994 869 4060 genuit
880 3995 1054 4050 masculinum
1066 4003 1149 4052 sanat.
1168 4010 1252 4057 rema

142 4073 164 4126 si
176 4073 235 4140 quis
247 4089 281 4126 cx
294 4089 326 4127 eo
338 4074 443 4143 biberit,
461 4076 616 4143 pulmonem
627 4085 755 4131 evomet«
769 4080 849 4132 -19
868 4097 882 4131 o
900 4087 963 4134 ante
975 4097 1131 4136 croceum
1145 4083 1229 4136 habet
1238 4096 1256 4133 a

1009 4166 1057 4219 12*
