2866 4620
640 343 870 423 -146..

188 529 225 593 δὲ
250 530 303 619 τὴν
327 529 385 613 μὲν
411 528 491 593 θέαν
518 529 750 617 στρογγύλοςῦ
777 531 826 592 καὶ
851 531 897 606 ὡς
919 529 1178 615 ύποστρύγγυλος,
1202 534 1256 620 τὴν
1280 532 1316 596 δὲ

188 640 282 725 φύσιν
307 641 431 728 τραχύς,
456 639 618 724 στιβαράς,
638 641 853 730 μελανόχροος
875 642 923 705 καὶ
946 641 1066 716 πυκνός.
1096 642 1251 706 πάντοθεν
1282 643 1318 706 δὲ

187 751 281 815 αὐτὸν
304 751 499 840 περιέχουσιν
522 751 583 825 ἶνες
610 753 713 834 θμοιαι
740 754 859 838 ῥυτῖσιν
889 751 908 839 ἢ
936 752 985 814 καὶ
1011 758 1177 836 γραμμαῖς.
1207 756 1318 816 τοῦτον

187 863 267 946 πρὸς
289 861 469 949 ἀποτροπὴν
493 864 615 924 πάντων
631 865 693 924 τῶν
715 863 856 945 ἑρπετῶν
872 864 950 947 φασὶ
968 864 1209 949 χρησιμώτατον
1225 862 1314 939 εἶναι,

152 972 169 1024 ὅ
187 971 235 1034 καὶ
254 971 288 1034 οἵ
306 995 341 1052 γε
363 974 415 1060 τλγν
438 971 554 1059 Λιβύην
581 974 635 1059 τὴν
655 971 791 1055 άνυθρον
812 973 859 1035 καὶ
881 971 1015 1053 ἰοβόλων
1043 972 1201 1054 γέμουσαν
1230 975 1318 1058 διερ-

181 1082 311 1170 χόμενοι
332 1087 439 1146 τοῦτον
462 1086 636 1169 φοροῦντες
658 1085 706 1147 καὶ
727 1084 834 1166 ὥςπερ
858 1081 1118 1166 καθοπλιζόμενοι
1140 1084 1191 1146 διὰ
1203 1085 1319 1167 μέσων

189 1197 251 1257 τιῦν
266 1189 404 1274 ὶοβόλων
424 1191 617 1278 πορεύεσθαι
633 1194 841 1276 κατετόλμων.
864 1195 943 1277 φασὶ
966 1192 1001 1255 a&
1017 1196 1065 1256 καὶ
1076 1195 1221 1276 μαντικὸν
1240 1192 1318 1257 εἶναι

189 1304 239 1368 καί
261 1328 326 1367 τινα
349 1305 538 1391 νηστεύοντα
562 1307 609 1367 καὶ
632 1303 822 1389 καθαίροντα
845 1304 957 1366 ἑαυτὸν
980 1304 1029 1366 καὶ
1051 1307 1158 1373 τοῦτον
1175 1304 1211 1366 δὲ
1226 1304 1320 1368 αὐτὸν

190 1416 242 1478 τὸν
264 1413 353 1478 λίθον
376 1413 529 1500 καθαροῖς
552 1413 661 1476 ὕδασιν
685 1413 890 1478 ἀπονίπτοντα
910 1416 959 1476 καὶ
980 1416 1099 1486 λευκοῖς
1120 1413 1212 1487 λίνοις
1234 1437 1321 1497 περι-

141 1532 173 1585 10
190 1524 344 1589 ελίττοντα
371 1524 436 1587 εἶτα
463 1526 512 1586 καλ
537 1525 666 1612 λύχνους
692 1525 868 1587 ἀνάπτοντα
894 1523 1044 1611 ἐξαίφνης
1065 1524 1187 1588 ἀκούειν
1212 1525 1321 1609 ὥςπερ

190 1640 353 1716 νεογενοῦς
374 1656 453 1709 τινος
474 1635 619 1720 βρέφους
641 1638 749 1723 φωνὴν
766 1637 815 1699 καὶ
833 1634 1068 1718 πυνθανομένου
1091 1637 1172 1711 τινὸς
1194 1634 1322 1719 ἀποκρί-

192 1745 310 1822 νεσθαι,
334 1743 438 1809 ἔπειτα
461 1748 540 1831 πρὸς
563 1750 596 1810 τὸ
620 1746 707 1820 τέλος
727 1744 872 1829 καθάπερ
890 1744 1028 1834 ἕμφυχον
1044 1745 1219 1817 ἀποπνέειν.
1242 1746 1322 1808 ἀλλὰ

191 1860 286 1920 ταῦτα
307 1857 365 1941 μὲν
384 1854 536 1946 Ἑλλήνων
553 1857 670 1936 παῖδες,
693 1858 722 1918 oi
737 1858 800 1932 τοῖς
815 1855 957 1939 κτίσμασι
979 1856 1139 1939 λατρεύειν
1154 1853 1322 1930 ἐθέλοντες

191 1969 240 2031 καλ
255 1968 421 2052 δαιμονίων
434 1973 550 2053 φωνιῦν
566 1967 688 2031 ἀκούειν
705 1967 949 2041 σπουδάζοντες·
973 1969 1065 2054 ἡμεῖς
1080 1965 1116 2028 δὲ
1131 1968 1184 2027 τοῦ
1205 1967 1249 2051 μὴ
1273 1966 1324 2029 καὶ

143 2084 174 2136 15
193 2081 290 2142 ταῦτά
312 2100 394 2152 τινας
417 2079 539 2160 ἀγνοεῖν
562 2077 652 2141 ἕνεκα
678 2075 874 2161 παραθέντες
897 2076 1033 2140 ἐνταῦθα
1056 2077 1218 2140 καὶταῦτα
1242 2075 1322 2157 πρὸς

194 2189 230 2251 τὰ
252 2190 342 2252 λοιπὰ
363 2186 573 2271 βαθεούμεθοι.
600 2189 660 2249 ὅσα
682 2189 744 2271 γάρ
774 2211 852 2272 φασι
883 2187 937 2261 τὰς
964 2186 1055 2271 ῥίζας
1086 2190 1147 2248 τῶν
1175 2185 1323 2267 βοτανῶν

194 2298 357 2377 δύνασθαι,
382 2301 516 2361 τοσαῦτα
532 2299 580 2360 καὶ
603 2297 657 2370 τὰς
674 2301 734 2360 τῶν
749 2294 846 2361 λίθων
862 2296 981 2381 φύσεις.
1005 2296 1156 2383 τοσαύτην
1179 2293 1216 2358 δέ
1241 2318 1324 2379 φασι

193 2408 323 2492 δύναμιν
346 2411 454 2472 τοῦτον
477 2411 528 2471 τὸν
553 2406 712 2494 σιάφρίτκγν
736 2405 814 2496 ἔχειν
838 2408 922 2470 ὥστε
944 2407 999 2470 κάν
1022 2409 1121 2470 πάντα
1144 2406 1181 2469 τὰ
1203 2405 1324 2489 ἑρπετὰ

194 2518 373 2606 παμπληθελ
395 2520 474 2582 κατά
492 2539 572 2592 τινος
588 2517 763 2602 ἐφορμιῦσι,
788 2518 839 2580 διὰ
859 2515 960 2601 μέσου
984 2517 1101 2581 τούτων
1117 2515 1247 2603 ἀβλαβῆ
1271 2518 1324 2580 τὸν

142 2635 177 2687 20
196 2633 356 2716 φοροῦντα
380 2631 431 2692 τὸν
453 2627 540 2692 λίθον
564 2633 671 2691 τοῦτον
694 2627 906 2713 πορεύεσθαι·
936 2627 993 2691 οῦκ
1014 2627 1142 2714 ἀβλαβῆ
1166 2627 1202 2688 δὲ
1226 2626 1324 2710 μόνον

195 2741 272 2804 ἀλλὰ
295 2743 343 2802 καὶ
365 2739 583 2825 φυγαθευτήν·
611 2737 706 2814 εῦθύς
728 2739 788 2822 γὰρ
818 2737 896 2802 αύτὰ
919 2739 1017 2801 πάντα
1040 2739 1119 2822 πρὸς
1142 2738 1243 2823 φυγὴν
1272 2738 1326 2821 ύρ-

149 2905 150 2909 ,
192 2849 325 2935 μᾶσθαι,
347 2852 390 2937 μὴ
414 2849 553 2935 φέροντα
578 2850 630 2937 τὴν
654 2851 786 2936 φυσικὴν
816 2848 910 2912 αὐτοῦ
933 2851 1029 2936 πνοήν
1058 2848 1162 2911 τεκαὶ
1185 2845 1325 2930 δύναμιν.

196 2961 340 3033 πολλάκις
362 2959 398 3022 δέ
422 2980 466 3033 τις
488 2960 536 3021 καὶ
559 2957 591 3021 ἐν
623 2959 813 3045 κυνηγεσίοις
842 2959 1004 3047 σχολάζων
1027 2959 1075 3021 καὶ
1097 2957 1131 3020 ἐν
1153 2956 1284 3045 ἐρήμοις
1306 2956 1326 3045 ἢ

196 3069 286 3155 όρεσι
315 3069 479 3134 καθεύθειν
509 3069 759 3152 ἀναγκαζόμενος
784 3069 883 3151 μέσον
912 3073 973 3132 τῶν
1004 3067 1186 3151 θανασίμων
1216 3066 1325 3150 ὄφεων

144 3191 179 3245 25
197 3182 245 3245 καὶ
268 3181 424 3266 σκορπίων
448 3179 538 3243 οῦδὲν
562 3178 599 3253 ἐξ
620 3181 723 3243 αὐτῶν
739 3180 875 3243 πείσεται
891 3184 998 3243 τοῦτον
1014 3178 1251 3264 ἐπιφερόμενος.
1278 3179 1326 3242 καὶ

198 3291 394 3380 όφιοῦύκτοις
417 3290 453 3353 δὲ
476 3295 567 3354 πᾶσιν
590 3289 855 3373 ἐπιπασσύμενος,
886 3290 963 3354 ἀλλὰ
992 3292 1040 3352 καί
1070 3289 1225 3373 τραύμασι
1254 3312 1328 3352 παν-

280 3478 293 3527 1
311 3477 361 3540 μὲν
379 3477 457 3528 θέσιν
470 3476 500 3532 Β,
532 3506 563 3515 -
595 3478 614 3529 2
634 3477 686 3540 μελ
749 3477 793 3528 καὶ
812 3476 907 3531 charta
925 3477 1013 3530 lacera
1030 3476 1061 3543 B,
1083 3476 1270 3546 μελανόχροος
1286 3471 1329 3524 καί

197 3561 266 3616 coni.
285 3561 404 3630 Tyrwh.;
422 3560 558 3612 ποντόθεν
574 3559 620 3627 Vs,
638 3561 681 3612 καί
699 3561 836 3612 πάντοθεν
858 3560 888 3613 Β.
911 3592 942 3602 -
962 3563 980 3612 ὖ
1000 3560 1048 3612 τὸν
1066 3557 1184 3629 ἄνυδρον
1197 3558 1236 3626 V3
1255 3556 1328 3624 λοβό-

197 3649 242 3700 λον
256 3647 287 3702 V.
302 3678 331 3686 -
351 3648 372 3698 8
391 3645 487 3698 ἑαυτόν
500 3661 551 3700 om,
565 3645 602 3712 V3
622 3651 704 3711 recte,
721 3651 798 3712 put0,
816 3644 894 3699 modo
912 3643 1119 3714 καθαριεύοντα
1137 3643 1245 3697 scriba&
1261 3673 1290 3684 ·-
1309 3643 1328 3694 9

199 3734 354 3787 ἀπονίπτων
367 3733 390 3785 B
396 3753 403 3794 ;
417 3747 484 3786 corr.
494 3731 600 3799 Tyrwh.
615 3762 646 3771 -
662 3732 690 3785 9.
702 3732 737 3782 10
750 3731 924 3800 περιελίττων
937 3731 975 3798 133
988 3745 1055 3784 corr.
1066 3729 1172 3797 Tyrwh‚
1186 3760 1216 3768 —
1231 3730 1260 3780 11
1273 3745 1329 3780 νεο-

198 3823 282 3890 γνούς
299 3818 336 3886 V3
354 3817 557 3881 πυνθανόμενος
571 3817 604 3870 V.
623 3845 654 3855 -
678 3818 705 3867 11
723 3817 897 3883 ἀποκρίνεται
914 3816 946 3869 Β.
963 3845 998 3854 -
1022 3817 1059 3867 14
1076 3817 1154 3886 ἡμεῖς
1174 3843 1205 3853 -
1231 3816 1263 3867 16
1280 3813 1349 3880 βω·

200 3904 332 3969 διούμεθα
347 3920 397 3958 om.
410 3904 441 3956 B.
461 3933 492 3942 -
514 3904 548 3954 16
567 3901 636 3972 φησί
647 3901 678 3955 Β.
707 3931 738 3941 -
767 3902 801 3952 17
820 3901 867 3960 τὰς
884 3906 946 3953 ante
964 3903 1018 3952 τῶν
1038 3915 1089 3953 om.
1105 3900 1136 3955 B.
1157 3928 1187 3938 -
1208 3899 1243 3951 19
1263 3915 1330 3962 πομ-
1425 3962 1428 3973 Ι

200 3989 345 4061 πληθεῖθ,
364 3989 509 4058 παμπληθί
516 3989 547 4042 Β.
566 4018 599 4028 -
617 3989 650 4039 19
670 3987 831 4056 ἀφορμῶσιν
846 3986 879 4040 V.
892 4017 925 4025 —
944 3986 994 4038 20.
1013 3985 1048 4037 21
1066 3986 1112 4036 τὸν
1134 3984 1210 4036 λίθον
1230 3985 1329 4036 τοῦτον

200 4077 343 4145 φοροῦντα
354 4075 385 4128 Β.
397 4105 431 4114 -
453 4076 486 4126 21
504 4077 592 4126 ταῦτα
610 4089 658 4142 pro
677 4073 749 4125 αὐτά
761 4072 791 4125 Β.
805 4103 836 4112 -
856 4072 897 4124 25
915 4071 1033 4142 κτήσεται
1049 4071 1086 4138 B;
1099 4069 1272 4139 ἐφερόμενυς
1285 4070 1313 4121 Β.
