2866 4620
597 160 858 271 -192-'

154 394 280 478 Sculpie
302 395 335 460 in
358 414 396 459 eo
417 392 573 459 Latonam
596 398 629 458 et
650 391 870 474 Hippocraten
893 398 932 457 at
956 414 985 460 a
1007 402 1109 465 ren-o

152 504 237 571 trem
260 502 372 565 contra
394 516 502 563 omnen
524 496 662 579 magicae
684 500 771 559 anteo
793 493 993 563 auxiliatur.

439 712 616 781 XXXVIII.
650 712 770 796 Lapis
794 711 1003 781 Collurua.

241 850 387 917 Collurua
402 851 500 936 lapis:
516 850 568 915 hic
583 850 694 915 similis
709 855 758 914 est
772 847 944 931 sapphir03
962 852 1192 923 subalbidum
1202 855 1264 921 hh

152 952 290 1019 colorem
312 955 480 1019 marinum.
525 955 628 1035 dptua
652 951 693 1017 ad
715 947 1020 1032 interpellationem
1049 978 1175 1043 regum
1193 966 1266 1042 etp
1305 976 1308 985 ·

151 1056 299 1121 tentium.
347 1056 451 1123 Uteris
473 1056 558 1120 circa
579 1053 696 1120 collum
718 1058 892 1137 pertusum.

448 1272 591 1340 XXXIX.
627 1272 749 1356 Lapis
771 1270 968 1339 Trieutea.

239 1412 380 1477 Triautea
402 1409 485 1493 lapis
506 1408 618 1474 almilia
639 1414 688 1473 eat
710 1408 798 1474 arcui
820 1409 917 1473 caeli:
949 1409 1009 1477 hic
1032 1416 1158 1499 fortia,
1187 1418 1274 1504 gitti

151 1510 272 1577 habene
287 1512 319 1575 in
335 1511 440 1576 medio
456 1510 579 1593 apicem
595 1514 759 1594 tamquam
775 1509 884 1574 albam
898 1509 1036 1579 tiaram.
1075 1519 1149 1586 Hic
1169 1538 1276 1605 magn

151 1618 302 1697 gestatus,
325 1612 574 1697 impetratoriua,
597 1613 675 1677 facit
696 1611 738 1675 ad
761 1630 891 1675 oausam
913 1610 984 1677 aino
1007 1614 1091 1684 iure
1116 1622 1241 1689 mm

521 1832 587 1897 XL.
620 1830 743 1915 Lapis
766 1830 897 1896 Melas.

238 1968 342 2035 Molas
363 1968 446 2053 lapis
469 1968 568 2035 habet
589 1969 621 2034 in
644 1989 679 2034 ae
701 1967 810 2033 stellae
833 1965 985 2032 modicas.
1035 1974 1181 2045 Dicitur
1202 1984 1284 2048 ofin

152 2070 266 2156 Syrtis.
312 2070 449 2135 Causam
471 2068 590 2135 dicenti
615 2069 865 2134 benedictionem
891 2072 925 2132 et
952 2068 1286 2152 impetrationem

151 2171 318 2237 victoriam
341 2170 427 2251 facit,
451 2177 484 2236 et
506 2172 547 2239 ad
570 2192 695 2238 omnem
716 2170 969 2254 inquietudinem
982 2171 1130 2257 inimici,
1156 2206 1288 2268 qum

151 2278 184 2339 et
207 2272 412 2353 ‹lamnorum,
443 2278 476 2337 et
498 2272 725 2339 maleficiorum
756 2278 789 2338 et
815 2274 954 2353 magicae
981 2272 1244 2358 inquinationes
1261 2292 1313 2352 etl

151 2375 316 2460 potionum
339 2381 371 2441 at
393 2394 523 2457 precum
548 2373 703 2440 maiorum
728 2373 993 2450 incantationem,
1026 2383 1062 2440 et
1094 2384 1289 2467 odium‚0t

151 2483 281 2543 caetera
302 2474 387 2541 mala
410 2494 604 2558 excerpere
627 2473 765 2557 expellit.
802 2474 860 2538 Eat
882 2478 987 2538 autem
1002 2473 1092 2558 lapis
1118 2505 1288 2555 comm

152 2584 215 2645 tua.
261 2578 438 2643 Minorauto
465 2576 542 2643 luna
564 2576 703 2659 septima
731 2575 856 2640 decima
883 2596 982 2658 usque
1009 2576 1053 2639 ad
1080 2584 1287 2656 tricesimam

149 2678 269 2761 uteria3
292 2683 453 2745 crescente
473 2698 548 2745 nero
571 2699 670 2761 usque
692 2676 734 2741 ad
750 2678 894 2760 quintam
911 2676 1068 2742 decimam
1086 2702 1158 2750 non
1174 2693 1287 2757 utorio„

149 2848 176 2903 ln
191 2844 235 2915 ao]
255 2844 445 2913 dianopam,
464 2860 498 2898 an
516 2844 656 2911 lnauper
674 2842 875 2908 scribendum?;
892 2845 1013 2897 Latouar
1034 2845 1067 2907 03
1087 2849 1285 2922 Hippom

149 2943 225 2999 ago,
243 2928 397 2998 Ypocraton
415 2948 437 2994 e,
457 2926 650 2997 Hippocratem
667 2944 697 2994 93
722 2933 879 2995 acceptores
896 2929 956 2996 (aie)
975 2947 997 2992 c,
1021 2932 1096 2997 quod
1114 2952 1169 3003 pro
1189 2944 1287 2998 ηοξ.

149 3014 263 3084 pltraa
279 3012 380 3068 dlctum
398 3026 456 3068 asae
475 3013 534 3067 vult
551 3013 653 3067 Pltra.

229 3100 291 3155 flet
304 3100 325 3153 4
342 3098 450 3154 Oollnro
466 3100 499 3164 0;
517 3114 551 3153 an
563 3099 699 3155 colurus
711 3098 835 3168 scripsit?
847 3130 881 3139 -
892 3101 914 3152 4
926 3099 971 3155 hie
989 3115 1044 3156 om¹
1061 3121 1094 3175 p;
1115 3111 1243 3180 saphyro
1254 3133 1281 3181 03

151 3212 179 3225 -
200 3185 220 3239 6
238 3192 348 3254 pertuso
365 3202 398 3254 p3
425 3214 456 3226 -
485 3186 504 3240 7
527 3186 570 3239 An
588 3184 752 3239 Trichrus
768 3183 811 3238 vel
830 3184 1028 3254 Taphritiel
1055 3189 1100 3242 vel
1119 3197 1198 3260 quod
1216 3199 1282 3252 mihi

148 3271 262 3326 maxlme
281 3271 382 3325 arridet
399 3271 556 3340 trigliteu
575 3286 609 3325 ex
626 3269 713 3325 Peello
732 3270 795 3338 rapi
815 3271 868 3324 lto.
887 3271 981 3335 δυνάμ.
1002 3287 1029 3340 p.
1042 3277 1059 3326 3
1071 3274 1114 3327 ed.
1126 3277 1282 3338 Bernnrd:

148 3354 191 3408 ἵνα
217 3355 266 3417 τὰς
292 3355 450 3424 drudorum
474 3357 536 3426 ἡμῖν
561 3355 652 3415 λίθους
675 3355 751 3408 ἐάσω
768 3397 854 3411 .....
876 3358 922 3410 τόν
946 3375 978 3408 τε
1001 3359 1137 3430 τριγλίτην
1161 3368 1209 3418 καὶ
1232 3371 1281 3422 τὸν

148 3439 384 3511 rpadpdulnom?
397 3470 428 3483 -
446 3441 468 3494 Β
482 3440 549 3495 caeli
562 3456 636 3509 ego,
655 3440 705 3495 celi
717 3459 739 3505 a,
751 3440 819 3496 coeli
827 3459 861 3508 p;
879 3472 912 3482 —
930 3443 950 3493 9
965 3441 1052 3495 albam
1063 3444 1163 3501 tiaram
1176 3450 1279 3522 Ring,

147 3527 235 3581 alvum
253 3531 281 3580 et
298 3525 402 3594 ulgram
419 3546 440 3593 c,
463 3526 553 3581 album
571 3532 599 3580 et
616 3527 722 3594 nigrum
738 3543 770 3594 ρ;
792 3557 825 3567 -
848 3529 884 3580 10
901 3528 1023 3597 maguus]
1045 3543 1081 3581 an
1098 3537 1220 3590 manu?
1238 3545 1281 3592 te-

147 3615 234 3664 statua
251 3627 280 3678 03
297 3609 486 3677 imperatorius
504 3627 540 3678 p;
564 3640 599 3650 -
623 3611 659 3662 12
676 3609 759 3678 Lapis
776 3610 863 3664 Melas
881 3628 917 3678 p3
940 3613 1030 3680 etiam]
1050 3614 1121 3668 enim
1138 3637 1167 3687 ⁰3
1186 3652 1223 3662 -
1240 3626 1280 3676 14

147 3694 327 3762 querellarum
351 3710 412 3763 pro
438 3709 551 3763 quarum
575 3694 658 3748 coni.
683 3693 778 3763 Ring.
816 3695 949 3763 Equidem
972 3697 1062 3751 malim
1084 3709 1188 3766 puncto
1211 3716 1279 3775 post

145 3777 280 3832 inimici
299 3780 399 3845 posito,
423 3794 566 3847 quorum
584 3778 650 3845 (soil
669 3777 847 3848 inimicorum)
868 3787 896 3834 et
914 3780 1113 3836 daemonum
1131 3787 1176 3841 vel
1194 3790 1276 3847 dae.

115 3922 121 3928 ἱ
146 3863 393 3932 monierumpro
406 3861 768 3932 dampnorumacriber03
781 3865 1001 3933 -dampnorum
1018 3870 1136 3934 03-16
1155 3878 1193 3926 et
1210 3883 1277 3931 ante

147 3961 226 4014 mag.
245 3948 561 4018 omp3inqu1nacionea
582 3967 610 4011 ος
630 3979 657 3988 -
678 3947 712 4001 19
724 3949 845 4016 quintam
862 3966 938 4020 ego,
957 3951 1090 4022 quintae,
1107 3964 1276 4029 quartum,
