2866 4620
611 245 849 358 -il-¹

156 484 233 537 θοιτο
245 481 333 538 ΡΡιιῙ.
341 479 374 550 V,
392 480 461 542 ὃτίς
478 498 509 532 ιε
527 480 643 533 πύθοιτο
659 477 900 546 contempnmus,
920 477 990 538 ὃτίς
1008 494 1039 528 ae
1052 476 1157 530 adducto
1169 475 1283 545 Tyrwh,

156 568 229 639 qnod
246 567 328 623 vertit
346 565 434 637 equod
452 567 511 635 quis
530 566 647 620 credat«.
683 564 758 620 Idem
776 563 891 619 voluisse
909 563 1017 619 videtur
1033 563 1152 632 Mnsgr„
1179 561 1225 630 qni
1243 562 1282 615 τι·

155 655 234 708 earo
246 653 369 709 coniecit.
401 652 454 705 »Ar
472 652 500 706 id
518 650 570 706 dici
583 650 727 711 debuisset,
746 650 814 710 ὃτίς
825 667 872 701 κεν
891 649 1046 716 πεπίθοιτο;
1064 647 1135 702 Nam
1152 648 1283 701 πιθέσθαι

156 745 199 795 est
224 737 377 806 obedire,
404 753 457 792 non
487 736 604 792 credere.
644 736 811 804 Quamquam
840 734 905 804 quid
932 734 1038 788 omnino
1066 733 1116 787 sibi
1139 732 1197 787 vult
1220 731 1283 786 talis

156 825 293 895 coemtio,
317 840 371 894 qne
392 838 453 877 mea
475 823 583 891 quidem
605 821 753 883 sententie,
776 821 842 875 nihil
859 819 924 889 fingi
942 824 1032 889 potest
1050 819 1175 887 ineptius.
1212 817 1283 886 Quid

155 907 246 963 enim?
280 908 376 963 Nonne
393 906 523 975 plurime,
547 919 616 973 quac
640 905 667 958 in
685 904 737 959 hoc
755 903 844 958 libello
863 903 1007 958 traduntur
1024 903 1058 958 de
1076 903 1225 972 lapidibus,
1248 900 1283 959 ed

154 994 209 1048 vim
227 1008 319 1050 eornm
330 992 460 1047 medicem
473 991 617 1059 spectanti>
646 990 736 1058 Quare
752 990 856 1056 mirum,
875 990 955 1043 immo
968 989 1097 1044 absonum
1109 994 1158 1055 eet,
1176 987 1210 1042 dc
1228 1004 1281 1042 nno

154 1078 246 1149 lapide
264 1078 316 1133 hoe
333 1076 489 1132 incredibile
506 1076 656 1146 perhiberi,
680 1075 751 1144 quod
774 1075 807 1129 de
825 1075 960 1144 plerisque
985 1074 1045 1128 eliis
1066 1074 1122 1127 sine
1140 1072 1282 1126 miratione

154 1170 289 1219 dematur.
324 1163 399 1231 Quae
417 1178 499 1231 quum
517 1162 556 1217 ite
573 1161 639 1229 sint,
661 1160 689 1212 id
708 1159 778 1229 qnod
796 1160 925 1227 maxime,
949 1160 1030 1213 immo
1051 1157 1144 1225 unice,
1167 1157 1211 1211 hic
1229 1157 1282 1212 diei

155 1248 279 1316 debebat,
297 1247 405 1316 reposui
422 1248 479 1306 ὅτις
495 1248 523 1299 κ’
542 1247 656 1299 dedomo.
686 1245 828 1308 Machaon,
846 1244 934 1313 inquit
945 1253 1035 1313 poeta,
1054 1260 1071 1300 a
1088 1251 1166 1312 patre
1179 1244 1282 1296 Aescu·

154 1334 227 1403 lapio
245 1340 340 1389 nactus
358 1333 501 1395 auxilinm,
520 1332 650 1401 lapidem,
675 1333 721 1400 qui
739 1331 870 1385 medelam
888 1330 1011 1399 efferret,
1035 1329 1167 1398 impositis
1185 1326 1281 1381 femori

154 1418 356 1475 medicamentis
366 1419 438 1472 misit
450 1419 484 1473 ad
497 1418 605 1473 Troiam
616 1418 764 1472 Alexandri
777 1417 946 1472 occisorem«.
960 1416 1067 1471 Herm.
1076 1415 1175 1470 Wielio
1186 1420 1225 1481 (p.
1235 1413 1280 1481 24)

155 1510 183 1559 et
202 1505 295 1564 »ὅστις
312 1503 345 1557 de
364 1510 436 1557 certo
456 1503 500 1558 illo
519 1503 609 1570 lapide
621 1519 670 1572 pro
685 1504 805 1572 simplice
823 1505 853 1563 ὃς
870 1504 1002 1571 positum«
1024 1502 1160 1571 displicuit
1178 1505 1206 1552 et
1225 1502 1280 1552 atu·

154 1597 212 1644 tum
234 1588 300 1642 iliud
323 1588 534 1642 additamentum
553 1594 615 1657 post
639 1589 749 1659 ἀρωγήν
773 1589 880 1642 omnino
905 1588 1063 1657 langueret,
1088 1585 1185 1640 iniuria
1202 1589 1277 1653 puto,

153 1673 240 1729 visum
258 1680 306 1728 est
337 1672 526 1727 ascribendum
544 1680 585 1727 est
602 1673 657 1733 ὅτις
674 1675 701 1725 κ’
719 1674 850 1741 ἐκαλεῖτο,
869 1673 941 1741 quod
954 1680 982 1726 et
993 1671 1150 1726 mutationis
1168 1670 1279 1723 lenitate

154 1765 183 1814 et
199 1760 347 1815 sententiae
366 1759 554 1814 commoditate
577 1775 643 1826 prae
666 1759 711 1812 illo
736 1760 943 1813 commendatur.
979 1759 1055 1812 Haec
1073 1757 1143 1812 enim
1162 1762 1203 1810 est
1221 1769 1279 1809 sen·

152 1846 252 1900 tentia:
270 1844 436 1899 Machaon
462 1851 595 1911 epatre
615 1844 825 1912 Aesculapio
851 1844 1035 1898 remedium
1053 1843 1209 1910 edoctus,
1233 1840 1279 1895 le·

153 1928 267 1999 pidem
290 1929 317 1983 si
341 1929 415 1997 quis
438 1928 640 1996 imponeret,
667 1928 762 1982 illum
784 1929 954 1995 imposuit.
995 1929 1137 1982 Caeterum
1161 1925 1279 1980 dubitari

153 2020 252 2084 potest,
270 2030 304 2068 an
322 2014 422 2068 codicis
442 2014 618 2083 [cuiusnami]
638 2015 772 2082 scriptura
789 2015 911 2066 ἐπίθοιτο
927 2016 1028 2067 servari
1040 2013 1126 2081 possit
1148 2027 1182 2064 ex
1204 2026 1278 2064 more

154 2099 319 2166 Atticorum,
342 2114 359 2153 e
377 2115 429 2168 quo
447 2098 492 2152 hic
509 2099 624 2167 scriptor
641 2116 694 2153 non
718 2100 798 2167 plane
822 2099 926 2153 alienus
949 2104 998 2153 est.
1035 2097 1088 2152 Sed
1105 2097 1133 2151 id
1150 2097 1279 2151 audacius

152 2184 264 2238 visum«.
292 2183 368 2238 Haec
380 2184 459 2238 Wiel.
489 2185 556 2253 Ego,
575 2201 635 2239 cnm
649 2200 737 2254 neque
755 2185 810 2245 ὅτις
828 2188 855 2236 κ’
873 2187 1004 2246 ἐπονεῖτο,
1024 2199 1111 2253 neque
1129 2181 1278 2235 versionem

107 2341 112 2347 ⁵
153 2269 578 2325 horumvocebulorumeWiclio
591 2271 755 2339 propositam
771 2271 926 2339 intellegere
943 2271 1085 2339 potuerim,
1104 2267 1277 2323 Hermenniu·

152 2369 218 2409 uum
230 2354 329 2422 recepi.
347 2355 437 2408 Wielii
457 2355 635 2409 coniecturam
648 2356 776 2410 vertendo
795 2355 927 2424 expressit
939 2354 1110 2410 Seidenadel:
1130 2353 1219 2407 aAber
1237 2351 1277 2406 als

153 2438 246 2493 Mittel
259 2439 351 2493 erfnbr
359 2455 419 2493 vom
432 2439 677 2510 heilnnglrnndigen
686 2441 770 2495 Veter
780 2443 798 2495 J
800 2457 864 2495 encr
873 2441 925 2495 den
935 2441 1017 2503 Stein,
1030 2457 1084 2495 wer
1096 2440 1142 2493 ihn
1154 2439 1277 2502 braucht,

153 2522 232 2592 [l?];
251 2522 297 2576 ihn
316 2523 374 2593 legt
391 2540 421 2578 er
438 2525 479 2578 als
496 2525 587 2579 Metel
606 2529 662 2578 en’s
680 2527 745 2579 Boin
764 2527 842 2582 ihm«.
861 2557 895 2567 —
920 2528 964 2578 ἐπὶ
982 2525 1072 2580 APel.
1091 2531 1118 2578 et
1136 2523 1195 2578 edd.
1214 2530 1277 2578 ante

152 2608 254 2671 Herm,
267 2609 343 2676 παρά
355 2609 394 2672 Μ,
407 2608 450 2662 ἔτι
464 2611 531 2678 [τελλ.
545 2611 770 2680 nonnullorum
787 2616 867 2682 μηρῷ
881 2613 956 2667 codd.
970 2613 1035 2666 dett.
1049 2617 1076 2665 et
1089 2608 1158 2671 edd..
1175 2609 1276 2671 μασθῶ

152 2695 187 2762 A,
205 2709 278 2748 mero
298 2710 403 2763 errore,
421 2711 482 2748 nam
502 2697 704 2763 epitomatorem
723 2713 828 2765 qnoque
846 2702 926 2768 μηρῷ
945 2698 1041 2766 legisse
1058 2695 1141 2751 verbe
1158 2694 1216 2747 eius
1234 2688 1276 2743 lt-

152 2778 286 2848 λοκτήτου
306 2778 343 2830 τὸ
364 2779 484 2839 σκέλος
501 2780 600 2832 λάσατο
619 2779 698 2834 fidem
716 2781 825 2836 faciunt.
845 2813 876 2822 —
904 2782 966 2833 356
986 2781 1033 2832 τὸν
1052 2780 1089 2850 ρὰ
1107 2778 1170 2840 ais,
1193 2775 1276 2841 ὑσμά-

153 2864 236 2934 νηνΡ
253 2865 281 2916 in
299 2870 388 2930 textu;
406 2866 502 2917 ποσσλν
520 2867 556 2926 A;
578 2866 745 2933 ἀρτεμέεσσι
763 2869 797 2930 A,
816 2874 843 2921 et
862 2867 1043 2935 ἀρτεμέεσσιν
1062 2862 1277 2919 contumeliae

151 2948 180 3002 ill
199 2949 266 3005 Bibl.
286 2949 350 3003 urit.
371 2948 435 3002 vlll
454 2966 480 3018 p.
499 2955 545 3019 93,
567 2952 733 3019 ἀτρεμέεσσι
751 2953 795 3018 M,
814 2954 836 3007 P
853 2960 915 3021 post
933 2968 1016 3019 eoru,
1035 2951 1071 3018 V,
1091 2951 1275 3017 ἀτρεμέεσσιν

151 3032 240 3087 BPal.
260 3041 289 3088 et
306 3033 364 3087 edd.
384 3041 446 3088 ante
465 3035 569 3103 Herm,
594 3038 759 3105 ἀτρεμέεσιν
778 3039 879 3092 Pente
897 3054 978 3103 eorr.;
1001 3035 1201 3090 valentibus
1219 3048 1276 3102 pe·

152 3117 253 3173 dibus
278 3120 360 3172 vertit
385 3118 518 3174 Eschenb.
543 3153 577 3163 —
607 3123 670 3175 356
695 3120 782 3191 Πάρις
801 3124 827 3176 A
853 3129 881 3177 et
907 3123 998 3176 Herm.
1022 3136 1055 3174 ex
1080 3119 1221 3188 Tyrwhitti
1249 3125 1276 3172 et

151 3203 249 3258 Koenii
272 3203 318 3270 (ad
341 3203 422 3272 Greg.
445 3205 504 3260 Cor.
531 3223 557 3274 p.
580 3212 638 3273 125)
656 3208 822 3273 coniectura,
850 3210 937 3276 πάρος
955 3207 1049 3261 ΒΜΡ
1078 3211 1105 3259 et
1129 3204 1189 3258 cdd.
1212 3208 1276 3256 ante

152 3321 253 3389 norm,
270 3287 353 3389 ,at
371 3323 426 3377 rar.
450 3354 480 3364 -
504 3342 559 3391 περ
581 3325 689 3379 atim
711 3327 925 3395 [remeavi
946 3335 974 3380 e
991 3325 1050 3380 ern.
1068 3324 1130 3378 inec
1148 3338 1165 3377 a
1182 3320 1274 3390 steph.

152 3405 228 3473 παρά
246 3406 335 3458 πίστει
352 3409 374 3462 Ρ
391 3408 447 3461 eil.
473 3440 503 3449 -
528 3410 592 3462 367
611 3411 754 3480 despertiri
772 3413 807 3479 ss;
826 3414 978 3471 ποιάντοιος
995 3412 1025 3465 Β.
1053 3405 1088 3452 ’-
1114 3411 1178 3462 358
1195 3409 1277 3462 Hune

153 3505 260 3545 versum
274 3492 384 3560 respicit
396 3493 509 3547 Tretzes
522 3494 556 3548 ad
568 3495 701 3564 Lycophr.
713 3502 777 3551 911:
800 3495 905 3550 Ἑλένου
924 3499 954 3550 οὲ
973 3501 1021 3549 τοῦ
1036 3493 1162 3564 Πριάμου
1180 3492 1277 3552 ποιοὺς

151 3576 278 3640 μάντεως
300 3577 380 3638 ὄντος
402 3580 443 3631 καὶ
470 3580 487 3650 ἢ
513 3580 598 3642 μόνου
625 3582 860 3652 αὐτομολήσαντος
883 3585 942 3642 τοῖς
962 3581 1098 3654 Ἕλλησιν,
1129 3580 1165 3639 ὥς
1192 3595 1273 3645 φασιν

148 3661 264 3730 Ὀρφεύς
281 3681 312 3715 τε
331 3664 373 3717 καλ
394 3661 600 3733 Τροριόιλιορος,·
618 3673 644 3720 et
663 3665 697 3719 ad
717 3670 794 3720 1048:
809 3666 835 3720 ‘0
847 3668 877 3720 δὲ
889 3669 999 3728 παλαιὸς
1014 3667 1127 3735 Ὀρφεὺς
1144 3665 1187 3716 καλ
1203 3663 1276 3727 μετά

152 3747 275 3799 θάνατον
294 3746 455 3816 Εὐροιιύλοο
478 3751 565 3809 ζῶντα
584 3752 748 3819 παρεισάγει
766 3753 814 3804 τὸν
833 3750 976 3824 Μαχάονα,
1001 3752 1114 3814 ἰώμενον
1134 3749 1181 3802 τὸν
1200 3745 1275 3801 dila

152 3833 261 3901 κτήτην,
281 3862 311 3872 -
331 3832 465 3888 Posthom.
483 3839 610 3903 iduma:

255 3920 345 3968 κτεῖνε
364 3918 538 3988 (Eurypylus)
558 3923 588 3973 δὲ
607 3920 721 3982 πολλοὺς
736 3920 860 3990 Ἀργείων
877 3921 1050 3992 Ἀσιιληπιάολρ
1069 3938 1099 3973 τε

256 3999 327 4068 ἥρω’
348 4002 454 4070 ἰητῆρα,
474 4001 614 4074 Μαχάονα,
633 4006 758 4069 κάλλιμον
778 4005 866 4074 ἄνδρα

257 4082 294 4145 ὥς
310 4086 348 4155 ρο
366 4082 482 4148 Κόϊντος
499 4089 562 4160 ἔφη·
583 4093 598 4142 ὁ
617 4093 644 4143 δ’
663 4088 716 4158 ἄρ’
731 4090 874 4158 Ὀρφεὺς
892 4088 963 4144 ἄλλ’
984 4091 1148 4144 ἐπαείδει.
