2866 4620
652 297 884 361 -144-

207 481 300 568 φύσιν
323 482 371 544 καὶ
394 483 447 568 τὴν
470 480 628 565 ἐνέργειαν
652 478 722 544 καθ’
745 483 879 568 ἑκάστην
902 482 981 567 δρᾶν
1004 482 1085 548 ἐστιν
1108 485 1257 549 ἕλκουσαν
1280 488 1332 550 διὰ

207 595 261 655 τοῦ
284 591 380 677 ἀέρος
403 593 454 653 τὸν
477 591 606 678 σίδηρον
630 594 708 676 πρὸς
730 593 842 680 ἑαυτὴν
870 571 980 678 ὥσπερ
1007 579 1136 679 ’ἐρῶσαν
1166 596 1260 659 αὐτοῦ
1284 600 1333 660 καὶ

206 704 314 768 τοῦτον
337 704 416 787 πρὸς
437 703 551 787 ἑαυτὴν
574 703 787 788 ἁρπάζουσαν.
811 704 924 791 ταύτην
947 707 1025 790 φασὶ
1042 706 1229 795 διακριτικῇν
1251 705 1331 794 ἔχειν

206 813 334 894 δύναμιν
358 818 413 900 τῇς
435 836 469 876 τε
491 812 741 901 καθαριευούσης
770 816 911 895 γυναικὸς
934 815 998 890 ἀπ’Ι
1020 816 1183 901 ἀλλοτρίου
1214 818 1332 901 ἀνδρὸς

171 924 255 988 υκαλ
276 927 331 1008 τῇς
350 923 583 1010 μοιχευομένης.
607 924 634 986 ελ
655 925 716 1007 χάρ
739 944 784 997 τις
805 925 899 1011 αὐτὴν
914 924 1076 1009 λαθραίως
1091 927 1150 990 ύπδ
1173 927 1209 990 τδι
1227 931 1330 1011 στρώ-

202 1056 287 1116 ματα
309 1031 393 1119 θείη,
420 1035 439 1120 η
461 1033 519 1116 μὲν
549 1033 677 1117 καθαρά
705 1057 738 1097 τε
760 1036 808 1097 καὶ
830 1035 1003 1120 φίλανδρος
1026 1037 1068 1110 εἷς
1092 1035 1186 1099 ὕπνον
1209 1043 1332 1100 κατενε-

199 1143 316 1232 χθεῖσα
339 1147 455 1230 φυσικῇ
477 1168 531 1208 τινι
546 1145 676 1227 δυνάμει
693 1149 747 1232 τῇς
762 1143 850 1208 λίθου
875 1147 931 1219 τάς
953 1169 987 1209 τε
1004 1148 1117 1234 χεῖρας
1138 1148 1231 1211 ἁπλοῖ
1252 1151 1331 1232 πρὸς

191 1258 257 1318 ’τὸν
279 1255 380 1340 ἄνδρα
402 1257 451 1318 καὶ
473 1256 669 1340 περιφύεται·
691 1257 711 1343 ἡ
735 1255 772 1317 δὲ
794 1254 904 1329 πάθοις
916 1259 1075 1342 ῥυπαροῖς
1097 1260 1145 1322 καὶ
1159 1259 1331 1343 ἀλλοτρίοις

205 1364 393 1454 κατεχομένη
416 1367 636 1451 ἀφυπνώσασα
658 1371 713 1451 τῇς
728 1367 827 1453 κλίνης
843 1369 1064 1451 ἀπαράσσεται
1080 1370 1128 1431 καλ
1142 1369 1329 1433 καταπίπτει.

155 1483 186 1533 10
204 1476 281 1538 ἀλλὰ
304 1476 431 1538 καὶδύο
455 1476 567 1566 ταύτην
590 1475 738 1561 ἀδελφῶν
761 1477 947 1562 φορούντων
970 1480 1074 1566 πάσης
1096 1476 1202 1563 ἔριδος
1218 1478 1331 1552 αὐτοὺς

202 1585 387 1649 ἀπαλλάττει
409 1587 456 1648 καὶ
477 1586 675 1670 φιλονεικίας,
701 1588 749 1649 καὶ
771 1587 917 1677 ὁμόνοιαν
941 1587 1075 1670 ἐμποιεῖ·
1105 1589 1153 1650 καλ
1185 1591 1265 1672 πρὸς
1295 1591 1329 1650 τι)

200 1693 311 1767 θέλξαι
337 1696 373 1758 δὲ
400 1697 449 1759 καὶ
476 1699 578 1760 πεῖσαι
607 1697 681 1760 λαὸν
709 1697 943 1785 ἐπιτηδειοτάτη
975 1699 1197 1785 ,θασταζομένη
1227 1699 1247 1786 ἢ
1282 1700 1329 1762 καὶ

201 1806 383 1892 φορουμένη
406 1807 483 1870 κατὰ
505 1810 559 1870 τοῦ
583 1807 729 1894 στήθους.
752 1808 801 1870 καὶ
821 1807 915 1881 άλλας
931 1808 1076 1884 πλείστας
1093 1806 1155 1896 ἔχει
1171 1788 1328 1892 δυνάμεις.

201 1917 266 2005 ἐστὶ
287 1918 323 1981 δὲ
345 1919 393 1982 καί
416 1920 494 2003 πρδς
509 1920 634 2008 ἀχωχῇν
657 1923 808 2000 χυναικιῖιν
817 1920 978 2006 χρήσιμος
999 1920 1047 1981 καλ
1067 1921 1146 2002 πρὸς
1161 1921 1329 1992 συστάσεις

153 2035 183 2084 15
201 2031 352 2113 λαμπρῶν
375 2029 518 2113 ἀνδρῶν,
543 2031 621 2112 πρὸς
644 2029 680 2092 δὲ
708 2030 761 2101 τὰς
789 2029 940 2113 ἐμπορίας
967 2031 1072 2102 πάσας
1101 2014 1327 2113 κερδέμπορος.

200 2137 254 2200 ἐὰν
270 2140 345 2226 χυνη
361 2140 456 2226 αὐτὴν
477 2142 563 2228 φορῇ
583 2139 798 2226 ἐρασθῇσεται
814 2119 909 2227 αύτῇς
931 2139 967 2202 δν
987 2139 1024 2202 ἀν
1039 2119 1194 2226 βουληθῇ.
1213 2119 1327 2226 [ἐπιχά-

85 2328 88 2333 1
197 2271 302 2333 ρασσε
325 2249 361 2311 δὲ
383 2251 429 2332 τῷ
451 2248 530 2332 λίθῳ
551 2248 734 2334 Ἀφροδίτην
764 2249 914 2312 ἕλκουσαν
937 2249 1040 2332 άνδρα
1062 2250 1124 2312 ἀπὸ
1146 2232 1326 2334 κρασπέδου

200 2361 238 2444 τῇ
259 2358 411 2442 εὐωνύμῳ
427 2357 526 2445 χειρί,
556 2361 593 2443 τῇ
623 2358 659 2420 δέ
688 2359 779 2444 δεξιᾷ
808 2358 1009 2422 δεικνύουσαν
1037 2361 1159 2445 μῆλον]
1192 2357 1285 2436 οὗτος
1310 2361 1326 2421 ύ

199 2466 286 2557 λίθος
307 2469 451 2552 ὁμόνοιαν
475 2470 587 2556 πολλὴν
604 2472 732 2532 ποιεῖται
752 2469 886 2553 ἀνδράσι
909 2471 957 2533 καλ
972 2471 1090 2551 χυναιξλ
1112 2471 1162 2531 καλ
1176 2469 1326 2556 ἀδελφοῖς

148 2591 182 2642 20
200 2577 248 2643 καὶ
269 2581 375 2664 φίλοις,
400 2577 444 2644 ἐτι
466 2579 572 2642 δὲκαὶ
594 2580 673 2663 πρὸς
689 2581 806 2668 πάντας
820 2578 1025 2668 ἐπιχαρίτους,
1049 2579 1205 2656 εὐπειθεῖς
1227 2604 1324 2665 παρα·

161 2675 163 2679 ’
201 2691 344 2762 σκευάζει
366 2690 437 2762 τοὺς
459 2693 639 2774 φοροῦντας
661 2689 754 2752 αὐτὸν
777 2690 825 2752 καλ
840 2688 1003 2773 εύομίλους
1018 2695 1112 2753 ποιεῖ·
1130 2692 1269 2778 ρῇτορσι
1290 2691 1325 2754 δέ

198 2871 305 2934 carpta:
323 2868 425 2937 ταύτην
444 2869 512 2936 φασί
529 2869 574 2920 καὶ
592 2869 756 2937 διακριτικὴν
769 2868 840 2939 ἐχειν
859 2870 971 2932 δύναμιν
986 2872 1034 2937 τῆς
1045 2870 1256 2940 καθαρευούσης
1272 2868 1335 2938 (iel¹

197 2954 322 3021 καθαροῖς
339 2951 431 3022 οὔσης)
448 2956 575 3021 χυναικδς
595 2954 639 3005 καὶ
659 2959 707 3022 τῆς
724 2956 771 3006 ὑπ’
792 2955 937 3024 ἀλλοτρίου
957 2953 1058 3024 ἀνδρὸς
1075 2955 1277 3024 μοιχευομένου.
1300 2953 1325 3004 εί

196 3039 252 3108 γάρ
271 3057 311 3098 τις
328 3039 413 3108 αὐτὴν
432 3039 475 3090 ἐπὶ
487 3040 521 3091 τὰ
534 3039 685 3108 στρώματα
697 3041 790 3106 λάθρα
802 3041 872 3108 θείη,
891 3040 908 3108 ἡ
925 3040 975 3104 μὲν
988 3040 1099 3109 καθαρά
1116 3039 1160 3092 καὶ
1178 3040 1324 3108 φίλανδρος

197 3125 236 3184 εἷς
259 3124 342 3177 ύπνον
366 3126 566 3194 κατενεχθεῖσα
590 3128 688 3197 φυσικῇ
716 3125 767 3176 τινὶ
791 3125 902 3191 δυνάμει
925 3128 976 3177 τοῦ
998 3125 1075 3177 λίθου
1098 3121 1149 3184 τάς
1166 3142 1199 3177 τε
1225 3126 1324 3196 χεῖρας

196 3211 280 3263 ἁπλοῖ
294 3211 365 3280 πρδς
383 3211 431 3262 τδν
455 3207 542 3278 ἀνδρα
560 3210 604 3260 καὶ
621 3209 791 3278 περιφύεται.
809 3211 827 3278 ἡ
844 3210 875 3260 δὲ
887 3211 977 3270 πόνοις
988 3212 1123 3279 ῥυπαροῖς
1134 3209 1322 3278 ἀφυπνιύσασα

195 3300 245 3363 τῆς
266 3296 355 3364 κλίνης
377 3295 543 3346 καταπίπτει.
573 3293 640 3345 ἀλλὰ
662 3294 706 3344 καὶ
729 3293 779 3345 δύο
803 3293 904 3362 ταύτην
928 3294 1037 3363 ἀνδρῶν
1062 3296 1136 3362 [num
1160 3293 1320 3363 ἀδελφῶνλ]

195 3380 336 3449 φερόντων
353 3379 443 3449 πάσης
460 3379 551 3449 ἐριδας
567 3377 734 3431 ἀπαλλάττει
751 3378 795 3430 καὶ
806 3377 935 3441 ὁμόνοιαν
956 3379 1070 3442 ἐμποιεῖ,
1088 3380 1132 3430 καὶ
1149 3378 1321 3444 βασταζόμε-

196 3484 243 3526 νος
261 3468 300 3526 ελς
318 3467 420 3534 στῆθος
435 3465 526 3530 θέλγει
538 3465 614 3518 λαόν.
628 3495 659 3505 -
679 3464 750 3516 δκαλ
761 3464 899 3532 μαχνήτης
912 3462 1075 3527 καλούμενος
1085 3463 1116 3516 Β.
1144 3495 1175 3504 -
1201 3466 1215 3515 1
1234 3463 1322 3516 ἕλκον-

197 3570 232 3604 σα
250 3551 325 3606 codd.
347 3582 374 3591 -
401 3554 420 3604 2
439 3553 510 3621 πρδς
528 3552 612 3620 αὐτὴν
627 3551 659 3604 V.
673 3581 705 3590 -
720 3551 740 3601 3
757 3549 829 3616 πρδς
847 3549 932 3619 αὐτὴν
945 3549 982 3615 Β;
1000 3549 1044 3600 καὶ
1056 3555 1118 3616 post
1130 3550 1201 3614 φασί
1215 3549 1276 3604 add.
1290 3547 1321 3602 B.

194 3669 228 3679 -
246 3637 267 3691 G
285 3638 331 3707 qui
348 3654 373 3692 v.
391 3642 408 3690 4
425 3637 501 3696 λίθος
518 3639 533 3688 ὁ
551 3638 689 3706 μοχνήτης
707 3635 796 3703 habet,
816 3635 918 3688 omittit
935 3635 1040 3702 reliqua
1057 3633 1120 3687 inde
1139 3634 1173 3688 ab
1192 3637 1209 3705 ἡ
1227 3635 1275 3688 καί
1287 3634 1322 3701 (τ.

194 3726 239 3791 22)
251 3738 335 3790 usque
348 3723 383 3776 ad
395 3722 497 3791 ταύτην
510 3727 544 3788 (v.
557 3725 592 3790 3).
612 3753 645 3762 -
660 3723 680 3773 3
693 3721 793 3791 ἐχουσα
805 3721 838 3775 V.
852 3752 883 3761 -
896 3722 918 3772 4
931 3719 1143 3792 καθαρευούσης
1152 3720 1190 3787 Β;
1208 3719 1256 3772 ἐπ’
1265 3717 1321 3773 GV.

194 3841 228 3849 -
246 3811 265 3860 6
280 3811 304 3860 εἰ
321 3825 371 3876 pro
390 3810 407 3878 ἡ
426 3809 451 3861 Ο,
479 3837 514 3847 -
542 3808 624 3859 θεοῦ
642 3807 718 3859 λίθου
735 3807 767 3860 B.
788 3837 817 3845 —
841 3807 903 3858 8εῐ
920 3807 950 3858 δὲ
967 3807 1032 3861 πόθ.
1052 3806 1083 3869 O,
1101 3805 1129 3859 in
1147 3822 1201 3874 quo
1219 3804 1322 3872 reliqun

193 3897 272 3951 valde
289 3896 411 3949 breviata
429 3895 563 3962 leguntur.
584 3925 613 3932 -
632 3895 667 3945 12
688 3891 780 3950 δέλξαι
797 3893 829 3947 V.
847 3926 882 3934 -
903 3895 938 3946 13
957 3893 1001 3945 καὶ
1018 3889 1101 3951 ἀλλας
1118 3891 1250 3951 πλείστας
1267 3888 1322 3960 ἔχει

195 3984 321 4045 δυνάμεις
338 3997 388 4034 om.
407 3981 429 4033 Β
447 3981 475 4034 in
492 3980 545 4033 fine
563 3979 687 4048 paginae.
706 4007 740 4017 -
757 3979 794 4029 14
812 3980 919 4048 ἀγωγῆς
936 3979 968 4032 V.
988 4009 1019 4018 -
1038 3978 1142 4029 16-18
1161 3992 1232 4045 quac
1250 3973 1321 4030 unci·

194 4070 235 4123 nis
247 4065 451 4134 circumscripsi,
470 4067 567 4120 desunt
584 4065 611 4118 in
622 4065 653 4118 Β.
674 4096 704 4105 --
723 4064 757 4115 19
776 4065 876 4135 πολλὴν
895 4080 947 4118 om.
961 4068 997 4129 B3
1014 4064 1088 4116 ποιεῖ
1096 4062 1127 4115 Β,
