2866 4620
573 320 807 384 -34-·

323 505 407 580 είόος
429 503 539 593 έχοντα
561 506 711 590 δαφοινόν
732 505 956 591 ἀμαιμακέτοιο
979 505 1126 584 λέοντος·

324 617 370 701 τῷ
392 615 442 678 καί
459 639 510 697 μιν
533 615 712 700 προτέροισι
734 616 939 704 λεοντοθέρῃν
962 617 1114 704 ὀνομῆναι

238 743 289 794 555
323 725 455 812 ήνύανεν
477 725 632 812 ήμιθέοισι
655 724 854 790 κατάστικτον
878 726 1063 791 σπιλάδεσσι
1120 723 1124 729 ’

147 853 220 919 (615)
325 837 488 922 πυρσήσιν,
511 837 632 909 λευκαῖς
655 857 697 914 τε,
718 837 962 918 μελαινομέναις,
982 837 1136 923 χλοεραῖς
1163 858 1233 929 τε·-

324 945 439 1026 τόνδ’,
462 947 490 1010 εἰ
512 944 679 1032 σκυρπείῃν
701 944 935 1031 ὐλοφυρόμενός
958 965 1001 1020 τις
1023 947 1153 1035 ἀκωκήν

323 1053 417 1137 έλθοι,
441 1056 604 1140 ἀερτάζειν
626 1056 697 1139 περὶ
719 1054 803 1118 έλκεϊ
824 1055 928 1120 κέκλεο
956 1056 1074 1141 λυγρῷ,

324 1165 344 1253 ή
363 1190 415 1250 μιν
437 1165 648 1229 ἐπιπλάσσειν·
672 1165 733 1227 ἀπὸ
756 1167 816 1247 γὰρ
836 1163 1016 1247 μινύθουσιν
1038 1165 1155 1230 ἀνῖαι·

237 1295 287 1346 555
322 1275 447 1361 ίμερτόν
471 1298 505 1339 τε
527 1277 644 1357 γυναιξὶ
666 1276 816 1364 θυνήσεαι
839 1275 938 1359 ἀνέρα
961 1276 1071 1354 θεῖναι,

148 1406 221 1472 (555)
324 1386 373 1448 καί
394 1384 514 1458 θέλξεις
533 1382 660 1464 μύθοισι
681 1383 830 1470 βροτούς,
852 1389 900 1450 καί
923 1384 1023 1449 πάντα
1046 1385 1189 1469 κομίζων

323 1495 405 1559 όσσα
427 1517 479 1558 κεν
501 1496 667 1582 αἰτήσειας,
691 1495 817 1581 ἀφίξεαι
839 1494 944 1560 οἴκοθι
961 1496 1094 1584 χαίρων.

324 1605 373 1668 καί
395 1604 498 1690 νούσῳ
522 1607 675 1688 κάμνοντα
698 1605 862 1692 σαωθήναι
885 1603 974 1690 θέμις
995 1603 1089 1684 ἐστίν,

323 1716 359 1790 ύς
379 1739 431 1799 μιν
454 1714 500 1780 ἐνὶ
523 1715 696 1802 σφετέρῃσι
719 1716 827 1798 λαβὼν
845 1715 986 1803 χείρεσσι
1009 1717 1171 1805 κατάσχῃ·
1273 1708 1276 1714 ’

240 1845 292 1896 555
326 1824 354 1889 ελ
379 1824 414 1889 δὲ
437 1823 519 1900 Ζεύς
541 1849 587 1890 τοι
610 1825 661 1889 τόν
683 1849 719 1908 γι
741 1825 900 1908 βιωσέμεν
923 1826 1109 1914 ἀρνήσῃται,

150 1955 223 2021 (555)
325 1937 403 2001 ἀλλὰ
425 1936 490 2002 νόει
513 1937 551 2001 οὐ
576 1938 679 2023 τεῇσιν
701 1934 747 2000 ἐνὶ
769 1935 891 2020 φρεσὶν,
914 1934 1040 1999 οὕνεκεν
1062 1935 1153 2022 αὐτῷ

81 2031 83 2034 ⁴
324 2050 406 2137 ρήξε
428 2048 509 2111 λίνον
525 2046 665 2109 Κλωθώ·
689 2047 723 2109 τὸ
746 2045 783 2109 θέ
798 2044 828 2108 κ’
845 2043 969 2134 ἔρχεται
994 2036 1128 2118 λίσταέον
1151 2045 1254 2136 ἦμαρ.

361 2157 400 2221 Εί
421 2157 457 2219 δὲ
478 2155 719 2242 πυριφλεγέθων
741 2157 937 2242 ἑτερήμερος
958 2157 1060 2240 ἄνδρα
1082 2153 1243 2245 θαμίζων,

325 2265 345 2354 ή
367 2267 500 2351 κρυερὸς
518 2267 673 2351 μόρπτων
695 2268 831 2351 πυρετὸς
852 2265 1122 2355 παραθῃθύνῃσιν,

240 2393 291 2446 555
324 2375 363 2463 ήὲ
385 2374 568 2462 τεταρταίῃς
589 2380 675 2464 πήρα
696 2376 802 2461 ,θραθύ
822 2378 947 2464 μήποτε
968 2378 1072 2467 λήγειν

151 2503 223 2570 (555)
324 2483 531 2571 βουλομένης,
553 2485 623 2549 ἀλλ’
646 2485 714 2550 αίὲν
735 2487 796 2573 ύπῃ
819 2488 974 2575 πελάσῃσι
993 2486 1163 2577 μενούσῃς,

324 2594 416 2660 τύνθε
440 2594 478 2660 σύ
500 2597 532 2679 γ’
554 2595 662 2662 ἰᾶσθαι
684 2597 726 2660 δι’
749 2596 908 2681 ἀμύμονος
929 2597 1133 2686 ἀντιαχάτουῄ

324 2704 417 2784 ούτος
438 2708 498 2792 γὰρ
520 2712 665 2794 πυρετῶν
687 2708 763 2772 πολὺ
786 2705 954 2793 φέρτερος.
986 2705 1065 2791 αίύα
1088 2706 1126 2771 δὲ
1149 2715 1242 2798 σῆμα

291 2891 293 2895 ,
326 2812 460 2902 ἐξερέω,
485 2816 519 2881 τό
542 2839 602 2902 περ
624 2817 691 2881 ῶκα
712 2817 785 2906 βίῃν
808 2816 941 2882 δείκνυσι
963 2816 1071 2884 λίθοιο.

240 2944 292 2996 640
327 2924 362 2990 έν
383 2928 446 3013 γάρ
466 2950 519 3012 μιν
540 2929 689 3010 κεράεσσι
709 2927 819 3011 βολῶν
838 2925 938 3013 μέσον
961 2926 1146 3013 έφομένοιοι

150 3053 224 3120 (555)
327 3034 440 3101 τυτθόν
463 3035 670 3126 ἀνασχέσθαι·
695 3037 732 3101 τὰ
754 3036 790 3100 δὲ
812 3038 936 3124 τήκεται
958 3035 1065 3103 ένθοθι
1087 3043 1203 3106 πάντα.

325 3145 360 3210 οὐ
380 3144 441 3230 μέν
464 3168 509 3209 τοι
531 3147 580 3211 καὶ
602 3145 692 3212 τόνύε
715 3149 795 3232 πρὸς
815 3148 934 3232 ἑρπετά
955 3169 1035 3235 φῃμι
1058 3146 1230 3232 δύνασθαι,

326 3255 395 3320 ἀλλ’
418 3256 527 3341 ἕτερον
549 3254 646 3320 θύσω
664 3255 811 3344 χατέοντί
830 3279 876 3322 τοι
898 3257 1009 3345 ίῃτήρα

326 3352 501 3451 οὐρανόθεν
523 3371 681 3448 γεγαῶτα·
704 3367 743 3433 σὺ
766 3365 799 3429 θ’
822 3364 857 3430 έν
880 3367 974 3451 φρεσὶ
988 3366 1105 3448 βάλλεο
1131 3369 1254 3451 μῦθον.

240 3494 291 3546 545
327 3473 399 3540 εὐτε
420 3476 480 3560 γὰρ
504 3475 628 3565 αίγλήεν
650 3475 808 3562 σφέτερον
830 3474 929 3560 θέμας
952 3475 1164 3561 εὐρύστερνος

148 3603 222 3671 (545)
328 3584 467 3672 Οὐρανός
491 3585 681 3675 ῶμῃστήρος
703 3586 776 3652 ὐπαλ
798 3589 957 3674 παλάμῃσι
980 3585 1111 3670 Κρόνοιο

325 3694 463 3782 θῃωθείς
486 3695 594 3769 είλιξεν
616 3695 797 3786 άπειρεσίῃν
820 3696 871 3763 ἐπὶ
892 3699 981 3780 γαῖαν

325 3803 456 3892 αἰθέρος
477 3804 514 3869 ἐκ
535 3804 603 3894 ὃίῃς
625 3805 747 3872 πεσέειν
770 3806 906 3881 ούύάςὸε
926 3809 1089 3892 μενοινῶν,

324 3914 412 4001 όφρα
434 3940 469 3981 κε
492 3915 582 3980 πάντ’
605 3915 719 4004 α’ίθῃλα
743 3918 933 4007 πολύτροχον
956 3916 1206 4002 ἀμφιπετάσσας

244 4045 297 4097 555
331 4030 429 4089 νῶτον
451 4026 504 4091 ἑὸν
527 4025 641 4106 τεύξαι,
662 4027 740 4114 μήθ’
763 4026 904 4112 Οὐρανοῦ
927 4026 1136 4112 ἀστερόεντος
