<?xml version="1.0" encoding="UTF-8"?>
<!DOCTYPE html PUBLIC "-//W3C//DTD XHTML 1.0 Transitional//EN"
    "http://www.w3.org/TR/xhtml1/DTD/xhtml1-transitional.dtd">
<html xmlns="http://www.w3.org/1999/xhtml" xml:lang="en" lang="en">
 <head>
  <title>
</title>
<meta http-equiv="Content-Type" content="text/html;charset=utf-8" />
  <meta name='ocr-system' content='tesseract 3.04.00' />
  <meta name='ocr-capabilities' content='ocr_page ocr_carea ocr_par ocr_line ocrx_word'/>
</head>
<body>
  <div class='ocr_page' id='page_1' title='image "./orpheilithica00orphgoog_0099.png"; bbox 0 0 2866 4620; ppageno 0'>
   <div class='ocr_carea' id='block_1_1' title="bbox 604 348 818 413">
    <p class='ocr_par' dir='ltr' id='par_1_1' title="bbox 604 348 818 413">
     <span class='ocr_line' id='line_1_1' title="bbox 604 348 818 413; baseline -0.005 -15"><span class='ocrx_word' id='word_1_1' title='bbox 604 348 818 413; x_wconf 77' lang='lat'><strong>..90-</strong></span> 
     </span>
    </p>
   </div>
   <div class='ocr_carea' id='block_1_2' title="bbox 151 531 1281 2209">
    <p class='ocr_par' dir='ltr' id='par_1_2' title="bbox 151 531 1281 2209">
     <span class='ocr_line' id='line_1_2' title="bbox 153 531 1275 604; baseline 0 -18"><span class='ocrx_word' id='word_1_2' title='bbox 153 534 317 604; x_wconf 71' lang='grc' dir='ltr'><em>οφήραασεν</em></span> <span class='ocrx_word' id='word_1_3' title='bbox 341 533 395 586; x_wconf 90' lang='lat' dir='ltr'><strong>iam</strong></span> <span class='ocrx_word' id='word_1_4' title='bbox 418 537 482 586; x_wconf 85' lang='lat' dir='ltr'><strong>ante</strong></span> <span class='ocrx_word' id='word_1_5' title='bbox 505 547 547 585; x_wconf 91' lang='lat' dir='ltr'><strong>me</strong></span> <span class='ocrx_word' id='word_1_6' title='bbox 569 531 725 600; x_wconf 73' lang='lat' dir='ltr'><strong>requirebat</strong></span> <span class='ocrx_word' id='word_1_7' title='bbox 742 531 814 586; x_wconf 89' lang='lat' dir='ltr'><strong>Wiel</strong></span> <span class='ocrx_word' id='word_1_8' title='bbox 831 548 858 600; x_wconf 94' lang='lat' dir='ltr'><strong>p.</strong></span> <span class='ocrx_word' id='word_1_9' title='bbox 876 535 925 599; x_wconf 82' lang='grc'><strong>39,</strong></span> <span class='ocrx_word' id='word_1_10' title='bbox 947 532 1024 586; x_wconf 88' lang='lat' dir='ltr'><strong>cuins</strong></span> <span class='ocrx_word' id='word_1_11' title='bbox 1044 531 1113 587; x_wconf 84' lang='lat' dir='ltr'><strong>baec</strong></span> <span class='ocrx_word' id='word_1_12' title='bbox 1135 536 1178 586; x_wconf 88' lang='lat' dir='ltr'><strong>est</strong></span> <span class='ocrx_word' id='word_1_13' title='bbox 1200 536 1275 586; x_wconf 80' lang='lat' dir='ltr'><strong>nota:</strong></span> 
     </span>
     <span class='ocr_line' id='line_1_3' title="bbox 154 616 1276 686; baseline -0.002 -14"><span class='ocrx_word' id='word_1_14' title='bbox 154 620 319 674; x_wconf 72' lang='lat' dir='ltr'><strong>»Praeterea</strong></span> <span class='ocrx_word' id='word_1_15' title='bbox 335 618 425 673; x_wconf 86' lang='lat' dir='ltr'><strong>nescio</strong></span> <span class='ocrx_word' id='word_1_16' title='bbox 444 633 478 670; x_wconf 88' lang='lat' dir='ltr'><strong>an</strong></span> <span class='ocrx_word' id='word_1_17' title='bbox 496 617 690 671; x_wconf 84' lang='lat' dir='ltr'><strong>sententiarum</strong></span> <span class='ocrx_word' id='word_1_18' title='bbox 712 632 797 671; x_wconf 87' lang='lat' dir='ltr'><strong>nexus</strong></span> <span class='ocrx_word' id='word_1_19' title='bbox 820 618 849 671; x_wconf 89' lang='lat' dir='ltr'><strong>in</strong></span> <span class='ocrx_word' id='word_1_20' title='bbox 869 622 999 686; x_wconf 83' lang='lat' dir='ltr'><strong>sequente</strong></span> <span class='ocrx_word' id='word_1_21' title='bbox 1016 630 1097 671; x_wconf 84' lang='lat' dir='ltr'><strong>versu</strong></span> <span class='ocrx_word' id='word_1_22' title='bbox 1114 616 1276 686; x_wconf 77' lang='grc' dir='ltr'><em>ἀφοροάσαι</em></span> 
     </span>
     <span class='ocr_line' id='line_1_4' title="bbox 154 700 1276 771; baseline -0.004 -13"><span class='ocrx_word' id='word_1_23' title='bbox 154 703 235 758; x_wconf 80' lang='lat' dir='ltr'><strong>scribi</strong></span> <span class='ocrx_word' id='word_1_24' title='bbox 252 703 352 769; x_wconf 87' lang='lat' dir='ltr'><strong>iubeat,</strong></span> <span class='ocrx_word' id='word_1_25' title='bbox 369 701 490 771; x_wconf 88' lang='lat' dir='ltr'><strong>pendens</strong></span> <span class='ocrx_word' id='word_1_26' title='bbox 507 717 524 756; x_wconf 87' lang='lat' dir='ltr'><strong>a</strong></span> <span class='ocrx_word' id='word_1_27' title='bbox 541 700 719 770; x_wconf 88' lang='lat' dir='ltr'><strong>praecedente</strong></span> <span class='ocrx_word' id='word_1_28' title='bbox 737 702 841 770; x_wconf 81' lang='grc' dir='ltr'><em>κέλετο,</em></span> <span class='ocrx_word' id='word_1_29' title='bbox 859 707 888 756; x_wconf 88' lang='lat' dir='ltr'><strong>et</strong></span> <span class='ocrx_word' id='word_1_30' title='bbox 904 702 1027 757; x_wconf 85' lang='lat' dir='ltr'><strong>similiter</strong></span> <span class='ocrx_word' id='word_1_31' title='bbox 1043 701 1072 755; x_wconf 86' lang='lat' dir='ltr'><strong>in</strong></span> <span class='ocrx_word' id='word_1_32' title='bbox 1088 717 1114 754; x_wconf 82' lang='lat' dir='ltr'><strong>r.</strong></span> <span class='ocrx_word' id='word_1_33' title='bbox 1130 705 1182 757; x_wconf 76' lang='grc'><strong>548</strong></span> <span class='ocrx_word' id='word_1_34' title='bbox 1199 702 1276 768; x_wconf 73' lang='grc' dir='ltr'><em>αμφι-</em></span> 
     </span>
     <span class='ocr_line' id='line_1_5' title="bbox 154 784 1275 858; baseline -0.001 -17"><span class='ocrx_word' id='word_1_35' title='bbox 154 789 274 854; x_wconf 79' lang='grc' dir='ltr'><em>βαλόνθ’</em></span> <span class='ocrx_word' id='word_1_36' title='bbox 293 786 391 858; x_wconf 75' lang='grc' dir='ltr'><em>ἅρπην.</em></span> <span class='ocrx_word' id='word_1_37' title='bbox 425 786 458 841; x_wconf 86' lang='lat' dir='ltr'><strong>Id</strong></span> <span class='ocrx_word' id='word_1_38' title='bbox 475 786 538 842; x_wconf 91' lang='lat' dir='ltr'><strong>olim</strong></span> <span class='ocrx_word' id='word_1_39' title='bbox 556 786 684 854; x_wconf 86' lang='lat' dir='ltr'><strong>scriptum</strong></span> <span class='ocrx_word' id='word_1_40' title='bbox 702 786 783 841; x_wconf 81' lang='lat' dir='ltr'><strong>fuisse</strong></span> <span class='ocrx_word' id='word_1_41' title='bbox 801 787 844 841; x_wconf 81' lang='lat' dir='ltr'><strong>vel</strong></span> <span class='ocrx_word' id='word_1_42' title='bbox 861 787 931 840; x_wconf 81' lang='grc' dir='ltr'><em>ἀλλά</em></span> <span class='ocrx_word' id='word_1_43' title='bbox 947 785 1082 856; x_wconf 83' lang='lat' dir='ltr'><strong>particula</strong></span> <span class='ocrx_word' id='word_1_44' title='bbox 1099 784 1221 841; x_wconf 82' lang='lat' dir='ltr'><strong>indicare</strong></span> <span class='ocrx_word' id='word_1_45' title='bbox 1238 787 1275 840; x_wconf 84' lang='lat' dir='ltr'><strong>ri·</strong></span> 
     </span>
     <span class='ocr_line' id='line_1_6' title="bbox 155 867 1276 942; baseline -0.004 -14"><span class='ocrx_word' id='word_1_46' title='bbox 155 874 243 936; x_wconf 84' lang='lat' dir='ltr'><strong>detur,</strong></span> <span class='ocrx_word' id='word_1_47' title='bbox 261 890 311 942; x_wconf 90' lang='lat' dir='ltr'><strong>pro</strong></span> <span class='ocrx_word' id='word_1_48' title='bbox 330 889 392 941; x_wconf 86' lang='lat' dir='ltr'><strong>qua,</strong></span> <span class='ocrx_word' id='word_1_49' title='bbox 415 879 446 926; x_wconf 92' lang='lat' dir='ltr'><strong>ut</strong></span> <span class='ocrx_word' id='word_1_50' title='bbox 462 887 533 926; x_wconf 91' lang='lat' dir='ltr'><strong>nnnc</strong></span> <span class='ocrx_word' id='word_1_51' title='bbox 551 887 583 925; x_wconf 84' lang='lat' dir='ltr'><strong>ea</strong></span> <span class='ocrx_word' id='word_1_52' title='bbox 600 872 683 926; x_wconf 85' lang='lat' dir='ltr'><strong>rerba</strong></span> <span class='ocrx_word' id='word_1_53' title='bbox 701 871 835 939; x_wconf 74' lang='lat' dir='ltr'><strong>legimur,</strong></span> <span class='ocrx_word' id='word_1_54' title='bbox 856 872 903 923; x_wconf 80' lang='grc' dir='ltr'><strong>καί</strong></span> <span class='ocrx_word' id='word_1_55' title='bbox 916 872 955 941; x_wconf 82' lang='lat' dir='ltr'><strong>,ba</strong></span> <span class='ocrx_word' id='word_1_56' title='bbox 973 876 1160 938; x_wconf 67' lang='lat' dir='ltr'><strong>expectaturum</strong></span> <span class='ocrx_word' id='word_1_57' title='bbox 1183 867 1276 925; x_wconf 65' lang='lat' dir='ltr'><strong>subdet</strong></span> 
     </span>
     <span class='ocr_line' id='line_1_7' title="bbox 153 953 1275 1027; baseline -0.003 -16"><span class='ocrx_word' id='word_1_58' title='bbox 153 959 235 1012; x_wconf 90' lang='lat' dir='ltr'><strong>etiam</strong></span> <span class='ocrx_word' id='word_1_59' title='bbox 253 958 432 1027; x_wconf 81' lang='grc' dir='ltr'><em>ἀφάριιασεν,</em></span> <span class='ocrx_word' id='word_1_60' title='bbox 457 956 529 1025; x_wconf 88' lang='lat' dir='ltr'><strong>quod</strong></span> <span class='ocrx_word' id='word_1_61' title='bbox 546 957 603 1011; x_wconf 87' lang='lat' dir='ltr'><strong>sine</strong></span> <span class='ocrx_word' id='word_1_62' title='bbox 627 964 772 1025; x_wconf 77' lang='lat' dir='ltr'><strong>augmento</strong></span> <span class='ocrx_word' id='word_1_63' title='bbox 788 957 854 1025; x_wconf 88' lang='lat' dir='ltr'><strong>poni</strong></span> <span class='ocrx_word' id='word_1_64' title='bbox 870 970 958 1024; x_wconf 85' lang='lat' dir='ltr'><strong>neque</strong></span> <span class='ocrx_word' id='word_1_65' title='bbox 976 955 1096 1017; x_wconf 88' lang='lat' dir='ltr'><strong>memini,</strong></span> <span class='ocrx_word' id='word_1_66' title='bbox 1119 961 1148 1007; x_wconf 90' lang='lat' dir='ltr'><strong>et</strong></span> <span class='ocrx_word' id='word_1_67' title='bbox 1165 953 1275 1022; x_wconf 72' lang='lat' dir='ltr'><strong>diligen·</strong></span> 
     </span>
     <span class='ocr_line' id='line_1_8' title="bbox 153 1037 1273 1111; baseline -0.001 -15"><span class='ocrx_word' id='word_1_68' title='bbox 153 1043 255 1096; x_wconf 88' lang='lat' dir='ltr'><strong>tissime</strong></span> <span class='ocrx_word' id='word_1_69' title='bbox 281 1042 426 1111; x_wconf 81' lang='lat' dir='ltr'>praecipue</span> <span class='ocrx_word' id='word_1_70' title='bbox 454 1041 615 1109; x_wconf 78' lang='lat' dir='ltr'><strong>sepulcralia</strong></span> <span class='ocrx_word' id='word_1_71' title='bbox 642 1040 824 1109; x_wconf 82' lang='lat' dir='ltr'><strong>Antbologiae</strong></span> <span class='ocrx_word' id='word_1_72' title='bbox 851 1041 1045 1109; x_wconf 80' lang='lat' dir='ltr'><strong>epigrammata</strong></span> <span class='ocrx_word' id='word_1_73' title='bbox 1066 1037 1273 1107; x_wconf 77' lang='lat' dir='ltr'><strong>pervestigando</strong></span> 
     </span>
     <span class='ocr_line' id='line_1_9' title="bbox 153 1124 1275 1196; baseline -0.004 -14"><span class='ocrx_word' id='word_1_74' title='bbox 153 1127 308 1196; x_wconf 74' lang='lat' dir='ltr'>saepissime</span> <span class='ocrx_word' id='word_1_75' title='bbox 321 1127 411 1180; x_wconf 84' lang='lat' dir='ltr'><strong>inveni</strong></span> <span class='ocrx_word' id='word_1_76' title='bbox 426 1127 597 1195; x_wconf 81' lang='grc' dir='ltr'><em>ἀφήρπασεν,</em></span> <span class='ocrx_word' id='word_1_77' title='bbox 616 1126 687 1179; x_wconf 91' lang='lat' dir='ltr'><strong>illias</strong></span> <span class='ocrx_word' id='word_1_78' title='bbox 700 1131 791 1179; x_wconf 87' lang='lat' dir='ltr'><strong>autem</strong></span> <span class='ocrx_word' id='word_1_79' title='bbox 803 1125 905 1181; x_wconf 84' lang='lat' dir='ltr'><strong>lormaa</strong></span> <span class='ocrx_word' id='word_1_80' title='bbox 921 1140 956 1179; x_wconf 89' lang='lat' dir='ltr'><strong>ne</strong></span> <span class='ocrx_word' id='word_1_81' title='bbox 968 1140 1051 1179; x_wconf 87' lang='lat' dir='ltr'><strong>unum</strong></span> <span class='ocrx_word' id='word_1_82' title='bbox 1062 1124 1171 1192; x_wconf 87' lang='lat' dir='ltr'><strong>quidem</strong></span> <span class='ocrx_word' id='word_1_83' title='bbox 1188 1138 1275 1178; x_wconf 85' lang='lat' dir='ltr'><strong>exem·</strong></span> 
     </span>
     <span class='ocr_line' id='line_1_10' title="bbox 151 1210 1274 1281; baseline -0.001 -15"><span class='ocrx_word' id='word_1_84' title='bbox 151 1212 234 1281; x_wconf 88' lang='lat' dir='ltr'><strong>plum.</strong></span> <span class='ocrx_word' id='word_1_85' title='bbox 268 1212 383 1266; x_wconf 76' lang='lat' dir='ltr'><strong>Accedit</strong></span> <span class='ocrx_word' id='word_1_86' title='bbox 407 1211 479 1280; x_wconf 90' lang='lat' dir='ltr'><strong>quod</strong></span> <span class='ocrx_word' id='word_1_87' title='bbox 500 1211 575 1265; x_wconf 82' lang='lat' dir='ltr'><strong>brevi</strong></span> <span class='ocrx_word' id='word_1_88' title='bbox 597 1219 678 1265; x_wconf 89' lang='lat' dir='ltr'><strong>antea</strong></span> <span class='ocrx_word' id='word_1_89' title='bbox 695 1228 719 1266; x_wconf 85' lang='lat' dir='ltr'><strong>v.</strong></span> <span class='ocrx_word' id='word_1_90' title='bbox 737 1214 788 1267; x_wconf 79' lang='grc'><strong>537</strong></span> <span class='ocrx_word' id='word_1_91' title='bbox 810 1218 893 1279; x_wconf 88' lang='lat' dir='ltr'><strong>poeta</strong></span> <span class='ocrx_word' id='word_1_92' title='bbox 910 1213 1061 1280; x_wconf 80' lang='lat' dir='ltr'><strong>Gorgonem</strong></span> <span class='ocrx_word' id='word_1_93' title='bbox 1079 1223 1098 1265; x_wconf 83' lang='lat' dir='ltr'><strong>a</strong></span> <span class='ocrx_word' id='word_1_94' title='bbox 1113 1210 1213 1265; x_wconf 90' lang='lat' dir='ltr'><strong>Perseo</strong></span> <span class='ocrx_word' id='word_1_95' title='bbox 1231 1224 1274 1265; x_wconf 85' lang='lat' dir='ltr'><strong>ne·</strong></span> 
     </span>
     <span class='ocr_line' id='line_1_11' title="bbox 152 1293 1272 1352; baseline -0.002 0"><span class='ocrx_word' id='word_1_96' title='bbox 152 1302 240 1352; x_wconf 82' lang='lat' dir='ltr'><strong>catam</strong></span> <span class='ocrx_word' id='word_1_97' title='bbox 258 1311 316 1350; x_wconf 87' lang='lat' dir='ltr'><strong>esse</strong></span> <span class='ocrx_word' id='word_1_98' title='bbox 334 1296 387 1350; x_wconf 90' lang='lat' dir='ltr'><strong>iam</strong></span> <span class='ocrx_word' id='word_1_99' title='bbox 405 1296 549 1349; x_wconf 74' lang='lat' dir='ltr'><strong>narravit«.</strong></span> <span class='ocrx_word' id='word_1_100' title='bbox 583 1295 668 1350; x_wconf 89' lang='lat' dir='ltr'><strong>Immo</strong></span> <span class='ocrx_word' id='word_1_101' title='bbox 687 1296 903 1350; x_wconf 84' lang='lat' dir='ltr'><strong>commemoravit</strong></span> <span class='ocrx_word' id='word_1_102' title='bbox 920 1301 1032 1349; x_wconf 86' lang='lat' dir='ltr'><strong>tanturn.</strong></span> <span class='ocrx_word' id='word_1_103' title='bbox 1055 1293 1184 1349; x_wconf 87' lang='lat' dir='ltr'><strong>Wielium</strong></span> <span class='ocrx_word' id='word_1_104' title='bbox 1201 1310 1272 1350; x_wconf 88' lang='lat' dir='ltr'><strong>seca·</strong></span> 
     </span>
     <span class='ocr_line' id='line_1_12' title="bbox 152 1378 1275 1450; baseline -0.003 -17"><span class='ocrx_word' id='word_1_105' title='bbox 152 1389 197 1436; x_wconf 92' lang='lat' dir='ltr'><strong>tus</strong></span> <span class='ocrx_word' id='word_1_106' title='bbox 215 1387 257 1434; x_wconf 88' lang='lat' dir='ltr'><strong>est</strong></span> <span class='ocrx_word' id='word_1_107' title='bbox 274 1380 438 1436; x_wconf 80' lang='lat' dir='ltr'><strong>Seidenadel.</strong></span> <span class='ocrx_word' id='word_1_108' title='bbox 458 1411 490 1420; x_wconf 89' lang='lat'><em>-</em></span> <span class='ocrx_word' id='word_1_109' title='bbox 516 1380 578 1432; x_wconf 86' lang='grc'><strong>556</strong></span> <span class='ocrx_word' id='word_1_110' title='bbox 595 1380 647 1450; x_wconf 74' lang='grc' dir='ltr'><strong>ἧκα</strong></span> <span class='ocrx_word' id='word_1_111' title='bbox 664 1380 816 1434; x_wconf 80' lang='lat' dir='ltr'><strong>BPPal.V</strong></span> <span class='ocrx_word' id='word_1_112' title='bbox 833 1382 896 1448; x_wconf 84' lang='lat' dir='ltr'><strong>ail;</strong></span> <span class='ocrx_word' id='word_1_113' title='bbox 919 1379 1065 1439; x_wconf 82' lang='grc' dir='ltr'><em>ἐξόπισθεν</em></span> <span class='ocrx_word' id='word_1_114' title='bbox 1083 1380 1122 1448; x_wconf 88' lang='lat' dir='ltr'><strong>A,</strong></span> <span class='ocrx_word' id='word_1_115' title='bbox 1146 1378 1275 1438; x_wconf 73' lang='grc' dir='ltr'><em>ἐξόπισθε</em></span> 
     </span>
     <span class='ocr_line' id='line_1_13' title="bbox 152 1461 1272 1536; baseline 0 -17"><span class='ocrx_word' id='word_1_116' title='bbox 152 1465 311 1519; x_wconf 74' lang='lat' dir='ltr'><strong>Merulv</strong></span> <span class='ocrx_word' id='word_1_117' title='bbox 326 1465 388 1532; x_wconf 84' lang='lat' dir='ltr'><strong>ait,</strong></span> <span class='ocrx_word' id='word_1_118' title='bbox 411 1466 445 1526; x_wconf 73' lang='grc' dir='ltr'><strong>ἐξ</strong></span> <span class='ocrx_word' id='word_1_119' title='bbox 459 1464 573 1517; x_wconf 84' lang='grc' dir='ltr'><em>ὄπισθεν</em></span> <span class='ocrx_word' id='word_1_120' title='bbox 592 1467 627 1527; x_wconf 89' lang='lat' dir='ltr'><strong>B;</strong></span> <span class='ocrx_word' id='word_1_121' title='bbox 645 1465 711 1532; x_wconf 80' lang='grc' dir='ltr'><em>προΐ</em></span> <span class='ocrx_word' id='word_1_122' title='bbox 725 1465 825 1536; x_wconf 82' lang='grc' dir='ltr'><em>δούσης</em></span> <span class='ocrx_word' id='word_1_123' title='bbox 841 1465 896 1519; x_wconf 82' lang='lat' dir='ltr'><strong>ait.</strong></span> <span class='ocrx_word' id='word_1_124' title='bbox 923 1496 955 1507; x_wconf 96' lang='lat'><em>-</em></span> <span class='ocrx_word' id='word_1_125' title='bbox 983 1465 1048 1521; x_wconf 85' lang='grc'><strong>554</strong></span> <span class='ocrx_word' id='word_1_126' title='bbox 1062 1461 1153 1534; x_wconf 74' lang='grc' dir='ltr'><em>ἅρπην</em></span> <span class='ocrx_word' id='word_1_127' title='bbox 1173 1464 1196 1517; x_wconf 90' lang='grc' dir='ltr'>Ρ</span> <span class='ocrx_word' id='word_1_128' title='bbox 1213 1465 1272 1526; x_wconf 78' lang='lat' dir='ltr'><strong>aif3</strong></span> 
     </span>
     <span class='ocr_line' id='line_1_14' title="bbox 152 1547 1272 1619; baseline 0.002 -19"><span class='ocrx_word' id='word_1_129' title='bbox 152 1548 306 1616; x_wconf 86' lang='grc' dir='ltr'><em>λενιιανίησι</em></span> <span class='ocrx_word' id='word_1_130' title='bbox 324 1549 356 1614; x_wconf 89' lang='lat' dir='ltr'><strong>A,</strong></span> <span class='ocrx_word' id='word_1_131' title='bbox 376 1547 542 1617; x_wconf 82' lang='grc' dir='ltr'><em>λευκανίησιν</em></span> <span class='ocrx_word' id='word_1_132' title='bbox 563 1549 644 1601; x_wconf 81' lang='lat' dir='ltr'><strong>tacite</strong></span> <span class='ocrx_word' id='word_1_133' title='bbox 662 1548 754 1603; x_wconf 88' lang='lat' dir='ltr'><strong>Herm.</strong></span> <span class='ocrx_word' id='word_1_134' title='bbox 773 1579 807 1589; x_wconf 96' lang='lat'><em>-</em></span> <span class='ocrx_word' id='word_1_135' title='bbox 831 1549 894 1601; x_wconf 90' lang='grc'><strong>556</strong></span> <span class='ocrx_word' id='word_1_136' title='bbox 912 1549 998 1619; x_wconf 82' lang='grc' dir='ltr'><em>μολῆν</em></span> <span class='ocrx_word' id='word_1_137' title='bbox 1017 1565 1041 1606; x_wconf 84' lang='lat' dir='ltr'><strong>a.</strong></span> <span class='ocrx_word' id='word_1_138' title='bbox 1059 1579 1093 1589; x_wconf 96' lang='lat'><em>-</em></span> <span class='ocrx_word' id='word_1_139' title='bbox 1112 1549 1176 1602; x_wconf 82' lang='grc'><strong>557</strong></span> <span class='ocrx_word' id='word_1_140' title='bbox 1196 1549 1272 1602; x_wconf 79' lang='grc' dir='ltr'><em>ἔαλτ’</em></span> 
     </span>
     <span class='ocr_line' id='line_1_15' title="bbox 152 1632 1271 1702; baseline 0.001 -17"><span class='ocrx_word' id='word_1_141' title='bbox 152 1633 190 1700; x_wconf 82' lang='grc' dir='ltr'><strong>Β;</strong></span> <span class='ocrx_word' id='word_1_142' title='bbox 207 1632 394 1700; x_wconf 75' lang='grc' dir='ltr'><em>ἐναιρομὲνοις</em></span> <span class='ocrx_word' id='word_1_143' title='bbox 411 1633 436 1684; x_wconf 87' lang='grc' dir='ltr'>Α</span> <span class='ocrx_word' id='word_1_144' title='bbox 454 1638 482 1685; x_wconf 82' lang='lat' dir='ltr'><strong>et</strong></span> <span class='ocrx_word' id='word_1_145' title='bbox 499 1632 591 1686; x_wconf 86' lang='lat' dir='ltr'><strong>Herm.</strong></span> <span class='ocrx_word' id='word_1_146' title='bbox 610 1648 644 1686; x_wconf 83' lang='lat' dir='ltr'><strong>ex</strong></span> <span class='ocrx_word' id='word_1_147' title='bbox 661 1632 803 1700; x_wconf 78' lang='lat' dir='ltr'><strong>Tyrrhitti</strong></span> <span class='ocrx_word' id='word_1_148' title='bbox 821 1634 904 1696; x_wconf 68' lang='lat' dir='ltr'><strong>coni,</strong></span> <span class='ocrx_word' id='word_1_149' title='bbox 928 1633 1103 1702; x_wconf 80' lang='grc' dir='ltr'><em>ἐναιρομένης</em></span> <span class='ocrx_word' id='word_1_150' title='bbox 1120 1632 1181 1687; x_wconf 79' lang='lat' dir='ltr'><strong>rell.</strong></span> <span class='ocrx_word' id='word_1_151' title='bbox 1197 1633 1271 1688; x_wconf 80' lang='lat' dir='ltr'><strong>codd.</strong></span> 
     </span>
     <span class='ocr_line' id='line_1_16' title="bbox 152 1712 1281 1787; baseline 0.002 -17"><span class='ocrx_word' id='word_1_152' title='bbox 152 1724 181 1771; x_wconf 91' lang='lat' dir='ltr'><strong>et</strong></span> <span class='ocrx_word' id='word_1_153' title='bbox 199 1715 260 1771; x_wconf 90' lang='lat' dir='ltr'><strong>edd.</strong></span> <span class='ocrx_word' id='word_1_154' title='bbox 278 1748 312 1756; x_wconf 96' lang='lat'>-</span> <span class='ocrx_word' id='word_1_155' title='bbox 330 1717 393 1768; x_wconf 89' lang='grc'><strong>558</strong></span> <span class='ocrx_word' id='word_1_156' title='bbox 413 1718 487 1784; x_wconf 81' lang='grc' dir='ltr'><em>φόνια</em></span> <span class='ocrx_word' id='word_1_157' title='bbox 504 1718 538 1771; x_wconf 85' lang='grc' dir='ltr'><strong>Α.</strong></span> <span class='ocrx_word' id='word_1_158' title='bbox 555 1747 590 1758; x_wconf 93' lang='lat'><em>-</em></span> <span class='ocrx_word' id='word_1_159' title='bbox 608 1718 670 1769; x_wconf 90' lang='grc'><strong>559</strong></span> <span class='ocrx_word' id='word_1_160' title='bbox 692 1717 796 1768; x_wconf 68' lang='lat' dir='ltr'><strong>sinens</strong></span> <span class='ocrx_word' id='word_1_161' title='bbox 809 1716 866 1772; x_wconf 91' lang='lat' dir='ltr'><strong>Pal.</strong></span> <span class='ocrx_word' id='word_1_162' title='bbox 877 1717 909 1781; x_wconf 81' lang='lat' dir='ltr'><strong>V,</strong></span> <span class='ocrx_word' id='word_1_163' title='bbox 927 1725 1041 1786; x_wconf 87' lang='lat' dir='ltr'><strong>uterque</strong></span> <span class='ocrx_word' id='word_1_164' title='bbox 1059 1732 1120 1770; x_wconf 91' lang='lat' dir='ltr'><strong>cnm</strong></span> <span class='ocrx_word' id='word_1_165' title='bbox 1137 1712 1281 1787; x_wconf 56' lang='lat' dir='ltr'><strong>corrupte?</strong></span> 
     </span>
     <span class='ocr_line' id='line_1_17' title="bbox 152 1801 1270 1873; baseline 0 -17"><span class='ocrx_word' id='word_1_166' title='bbox 152 1803 194 1856; x_wconf 85' lang='lat' dir='ltr'><strong>lae</strong></span> <span class='ocrx_word' id='word_1_167' title='bbox 212 1803 288 1870; x_wconf 80' lang='lat' dir='ltr'><strong>signo</strong></span> <span class='ocrx_word' id='word_1_168' title='bbox 305 1802 333 1854; x_wconf 92' lang='lat' dir='ltr'><strong>in</strong></span> <span class='ocrx_word' id='word_1_169' title='bbox 345 1818 443 1870; x_wconf 83' lang='lat' dir='ltr'><strong>marg.;</strong></span> <span class='ocrx_word' id='word_1_170' title='bbox 461 1803 565 1871; x_wconf 79' lang='grc' dir='ltr'><em>λῦθρον</em></span> <span class='ocrx_word' id='word_1_171' title='bbox 578 1803 601 1855; x_wconf 89' lang='grc' dir='ltr'>Β</span> <span class='ocrx_word' id='word_1_172' title='bbox 612 1803 633 1856; x_wconf 88' lang='lat' dir='ltr'>P</span> <span class='ocrx_word' id='word_1_173' title='bbox 643 1802 737 1856; x_wconf 82' lang='lat' dir='ltr'><strong>Palll.</strong></span> <span class='ocrx_word' id='word_1_174' title='bbox 751 1831 781 1842; x_wconf 91' lang='lat'><strong>·-</strong></span> <span class='ocrx_word' id='word_1_175' title='bbox 796 1803 859 1855; x_wconf 88' lang='grc'><strong>559</strong></span> <span class='ocrx_word' id='word_1_176' title='bbox 877 1802 1003 1870; x_wconf 83' lang='grc' dir='ltr'><em>θαλάσση</em></span> <span class='ocrx_word' id='word_1_177' title='bbox 1015 1802 1041 1854; x_wconf 99' lang='lat' dir='ltr'><strong>A</strong></span> <span class='ocrx_word' id='word_1_178' title='bbox 1050 1801 1081 1855; x_wconf 92' lang='lat' dir='ltr'>M</span> <span class='ocrx_word' id='word_1_179' title='bbox 1099 1808 1127 1855; x_wconf 90' lang='lat' dir='ltr'><strong>et</strong></span> <span class='ocrx_word' id='word_1_180' title='bbox 1144 1803 1270 1873; x_wconf 83' lang='grc' dir='ltr'><em>θαλάσση</em></span> 
     </span>
     <span class='ocr_line' id='line_1_18' title="bbox 153 1885 1273 1956; baseline -0.002 -14"><span class='ocrx_word' id='word_1_181' title='bbox 153 1890 324 1943; x_wconf 88' lang='lat' dir='ltr'><strong>coniecerunt</strong></span> <span class='ocrx_word' id='word_1_182' title='bbox 342 1888 461 1956; x_wconf 74' lang='lat' dir='ltr'><strong>Tyron,</strong></span> <span class='ocrx_word' id='word_1_183' title='bbox 486 1887 651 1942; x_wconf 82' lang='lat' dir='ltr'><strong>Slotbouwer</strong></span> <span class='ocrx_word' id='word_1_184' title='bbox 669 1888 696 1940; x_wconf 91' lang='lat' dir='ltr'><strong>in</strong></span> <span class='ocrx_word' id='word_1_185' title='bbox 714 1889 775 1940; x_wconf 92' lang='lat' dir='ltr'><strong>Act.</strong></span> <span class='ocrx_word' id='word_1_186' title='bbox 793 1887 852 1942; x_wconf 87' lang='lat' dir='ltr'><strong>Soc.</strong></span> <span class='ocrx_word' id='word_1_187' title='bbox 871 1886 942 1940; x_wconf 90' lang='lat' dir='ltr'><strong>Trai.</strong></span> <span class='ocrx_word' id='word_1_188' title='bbox 961 1885 1014 1940; x_wconf 85' lang='lat' dir='ltr'><strong>vol.</strong></span> <span class='ocrx_word' id='word_1_189' title='bbox 1033 1886 1074 1939; x_wconf 95' lang='lat' dir='ltr'><strong>lll</strong></span> <span class='ocrx_word' id='word_1_190' title='bbox 1093 1902 1120 1954; x_wconf 90' lang='lat' dir='ltr'><strong>p.</strong></span> <span class='ocrx_word' id='word_1_191' title='bbox 1141 1889 1204 1954; x_wconf 80' lang='lat'><em>1613</em></span> <span class='ocrx_word' id='word_1_192' title='bbox 1225 1888 1273 1940; x_wconf 84' lang='grc' dir='ltr'><strong>θα-</strong></span> 
     </span>
     <span class='ocr_line' id='line_1_19' title="bbox 152 1971 1273 2043; baseline -0.001 -18"><span class='ocrx_word' id='word_1_193' title='bbox 152 1973 255 2043; x_wconf 87' lang='grc' dir='ltr'><em>λάσσης</em></span> <span class='ocrx_word' id='word_1_194' title='bbox 273 1973 330 2027; x_wconf 88' lang='lat' dir='ltr'><strong>rell.</strong></span> <span class='ocrx_word' id='word_1_195' title='bbox 349 1972 425 2027; x_wconf 85' lang='lat' dir='ltr'><strong>codd.</strong></span> <span class='ocrx_word' id='word_1_196' title='bbox 448 1978 475 2026; x_wconf 88' lang='lat' dir='ltr'><strong>et</strong></span> <span class='ocrx_word' id='word_1_197' title='bbox 493 1971 568 2035; x_wconf 83' lang='lat' dir='ltr'><strong>edd,</strong></span> <span class='ocrx_word' id='word_1_198' title='bbox 588 1973 659 2040; x_wconf 91' lang='lat' dir='ltr'><strong>quod</strong></span> <span class='ocrx_word' id='word_1_199' title='bbox 677 1976 702 2025; x_wconf 92' lang='lat' dir='ltr'>A</span> <span class='ocrx_word' id='word_1_200' title='bbox 721 1973 782 2027; x_wconf 87' lang='lat' dir='ltr'><strong>libri</strong></span> <span class='ocrx_word' id='word_1_201' title='bbox 800 1973 921 2027; x_wconf 84' lang='lat' dir='ltr'><strong>lectionis</strong></span> <span class='ocrx_word' id='word_1_202' title='bbox 938 1973 1047 2040; x_wconf 80' lang='lat' dir='ltr'><strong>ignarus</strong></span> <span class='ocrx_word' id='word_1_203' title='bbox 1065 1971 1186 2026; x_wconf 80' lang='lat' dir='ltr'><strong>defendit</strong></span> <span class='ocrx_word' id='word_1_204' title='bbox 1204 1971 1273 2026; x_wconf 89' lang='lat' dir='ltr'><strong>Wiel</strong></span> 
     </span>
     <span class='ocr_line' id='line_1_20' title="bbox 152 2054 1272 2125; baseline -0.003 -12"><span class='ocrx_word' id='word_1_205' title='bbox 152 2075 178 2125; x_wconf 91' lang='lat' dir='ltr'><strong>p.</strong></span> <span class='ocrx_word' id='word_1_206' title='bbox 197 2059 231 2113; x_wconf 80' lang='lat'><strong>37</strong></span> <span class='ocrx_word' id='word_1_207' title='bbox 248 2057 377 2110; x_wconf 84' lang='lat' dir='ltr'><strong>rariorem</strong></span> <span class='ocrx_word' id='word_1_208' title='bbox 395 2057 423 2109; x_wconf 94' lang='lat' dir='ltr'><strong>in</strong></span> <span class='ocrx_word' id='word_1_209' title='bbox 442 2073 474 2109; x_wconf 92' lang='lat' dir='ltr'><strong>eo</strong></span> <span class='ocrx_word' id='word_1_210' title='bbox 492 2056 610 2124; x_wconf 82' lang='lat' dir='ltr'><strong>genetivi</strong></span> <span class='ocrx_word' id='word_1_211' title='bbox 628 2072 706 2109; x_wconf 90' lang='lat' dir='ltr'><strong>usum</strong></span> <span class='ocrx_word' id='word_1_212' title='bbox 721 2071 881 2124; x_wconf 83' lang='lat' dir='ltr'><strong>agnoscens,</strong></span> <span class='ocrx_word' id='word_1_213' title='bbox 907 2070 960 2123; x_wconf 89' lang='lat' dir='ltr'><strong>quo</strong></span> <span class='ocrx_word' id='word_1_214' title='bbox 979 2056 1063 2110; x_wconf 81' lang='lat' dir='ltr'><strong>dativi</strong></span> <span class='ocrx_word' id='word_1_215' title='bbox 1080 2054 1272 2124; x_wconf 88' lang='lat' dir='ltr'><strong>quodammodo</strong></span> 
     </span>
     <span class='ocr_line' id='line_1_21' title="bbox 151 2140 1273 2209; baseline -0.004 -14"><span class='ocrx_word' id='word_1_216' title='bbox 151 2143 209 2196; x_wconf 84' lang='lat' dir='ltr'><strong>vite</strong></span> <span class='ocrx_word' id='word_1_217' title='bbox 227 2142 303 2208; x_wconf 85' lang='lat' dir='ltr'><strong>fungi</strong></span> <span class='ocrx_word' id='word_1_218' title='bbox 320 2140 435 2195; x_wconf 83' lang='lat' dir='ltr'><strong>ridetur.</strong></span> <span class='ocrx_word' id='word_1_219' title='bbox 467 2170 498 2180; x_wconf 91' lang='lat'>-</span> <span class='ocrx_word' id='word_1_220' title='bbox 529 2140 585 2191; x_wconf 86' lang='grc'><strong>561</strong></span> <span class='ocrx_word' id='word_1_221' title='bbox 602 2142 767 2206; x_wconf 78' lang='grc' dir='ltr'><em>βοτάνεσσιν</em></span> <span class='ocrx_word' id='word_1_222' title='bbox 786 2141 823 2209; x_wconf 89' lang='grc' dir='ltr'><strong>Β,</strong></span> <span class='ocrx_word' id='word_1_223' title='bbox 846 2140 997 2207; x_wconf 83' lang='grc' dir='ltr'><em>βοτάνεσσι</em></span> <span class='ocrx_word' id='word_1_224' title='bbox 1013 2141 1035 2194; x_wconf 88' lang='grc' dir='ltr'>Ρ</span> <span class='ocrx_word' id='word_1_225' title='bbox 1056 2141 1118 2209; x_wconf 81' lang='lat' dir='ltr'><strong>ait,</strong></span> <span class='ocrx_word' id='word_1_226' title='bbox 1139 2143 1273 2206; x_wconf 79' lang='grc' dir='ltr'><em>-βοτάνεσι</em></span> 
     </span>
    </p>
   </div>
   <div class='ocr_carea' id='block_1_3' title="bbox 151 2224 1273 2836">
    <p class='ocr_par' dir='ltr' id='par_1_3' title="bbox 151 2224 1273 2836">
     <span class='ocr_line' id='line_1_22' title="bbox 152 2224 1272 2328; baseline -0.002 -15"><span class='ocrx_word' id='word_1_227' title='bbox 152 2259 223 2324; x_wconf 75' lang='lat' dir='ltr'><strong>Pal..</strong></span> <span class='ocrx_word' id='word_1_228' title='bbox 244 2224 410 2324; x_wconf 55' lang='grc' dir='ltr'><em>βοτάνεσσσιν</em></span> <span class='ocrx_word' id='word_1_229' title='bbox 428 2256 465 2325; x_wconf 87' lang='lat' dir='ltr'><strong>V,</strong></span> <span class='ocrx_word' id='word_1_230' title='bbox 488 2258 636 2322; x_wconf 80' lang='grc' dir='ltr'><em>βοτάναισι</em></span> <span class='ocrx_word' id='word_1_231' title='bbox 653 2258 683 2311; x_wconf 90' lang='grc' dir='ltr'>Μ</span> <span class='ocrx_word' id='word_1_232' title='bbox 702 2259 795 2326; x_wconf 88' lang='lat' dir='ltr'><strong>Stepb.</strong></span> <span class='ocrx_word' id='word_1_233' title='bbox 813 2263 841 2311; x_wconf 90' lang='lat' dir='ltr'><strong>et</strong></span> <span class='ocrx_word' id='word_1_234' title='bbox 861 2257 919 2311; x_wconf 89' lang='lat' dir='ltr'><strong>rell.</strong></span> <span class='ocrx_word' id='word_1_235' title='bbox 937 2257 996 2312; x_wconf 86' lang='lat' dir='ltr'><strong>edd.</strong></span> <span class='ocrx_word' id='word_1_236' title='bbox 1016 2264 1079 2313; x_wconf 86' lang='lat' dir='ltr'><strong>aute</strong></span> <span class='ocrx_word' id='word_1_237' title='bbox 1095 2259 1204 2328; x_wconf 81' lang='lat' dir='ltr'><strong>Herm,</strong></span> <span class='ocrx_word' id='word_1_238' title='bbox 1228 2259 1272 2327; x_wconf 91' lang='lat' dir='ltr'><strong>qni</strong></span> 
     </span>
     <span class='ocr_line' id='line_1_23' title="bbox 151 2342 1272 2414; baseline 0 -20"><span class='ocrx_word' id='word_1_239' title='bbox 151 2344 301 2413; x_wconf 77' lang='grc' dir='ltr'><em>βοτάνησιν</em></span> <span class='ocrx_word' id='word_1_240' title='bbox 320 2343 433 2410; x_wconf 81' lang='lat' dir='ltr'><strong>scripsit.</strong></span> <span class='ocrx_word' id='word_1_241' title='bbox 470 2342 508 2396; x_wconf 84' lang='lat' dir='ltr'><strong>Et</strong></span> <span class='ocrx_word' id='word_1_242' title='bbox 529 2343 678 2414; x_wconf 84' lang='grc' dir='ltr'><em>βοτάνησιν</em></span> <span class='ocrx_word' id='word_1_243' title='bbox 696 2343 749 2397; x_wconf 79' lang='lat' dir='ltr'><strong>iam</strong></span> <span class='ocrx_word' id='word_1_244' title='bbox 767 2345 801 2398; x_wconf 91' lang='lat' dir='ltr'><strong>A.</strong></span> <span class='ocrx_word' id='word_1_245' title='bbox 822 2374 856 2384; x_wconf 97' lang='lat'><em>-</em></span> <span class='ocrx_word' id='word_1_246' title='bbox 880 2344 943 2395; x_wconf 81' lang='grc'><strong>562</strong></span> <span class='ocrx_word' id='word_1_247' title='bbox 962 2345 990 2395; x_wconf 79' lang='grc' dir='ltr'><strong>δ’</strong></span> <span class='ocrx_word' id='word_1_248' title='bbox 1008 2344 1056 2413; x_wconf 69' lang='grc' dir='ltr'><strong>ὅγε</strong></span> <span class='ocrx_word' id='word_1_249' title='bbox 1074 2344 1175 2414; x_wconf 81' lang='grc' dir='ltr'><em>δίνησιν</em></span> <span class='ocrx_word' id='word_1_250' title='bbox 1195 2345 1229 2411; x_wconf 86' lang='lat' dir='ltr'><strong>A,</strong></span> <span class='ocrx_word' id='word_1_251' title='bbox 1245 2344 1272 2394; x_wconf 86' lang='grc' dir='ltr'><strong>δ’</strong></span> 
     </span>
     <span class='ocr_line' id='line_1_24' title="bbox 152 2427 1273 2500; baseline -0.001 -21"><span class='ocrx_word' id='word_1_252' title='bbox 152 2429 199 2496; x_wconf 80' lang='grc' dir='ltr'><strong>ὅγε</strong></span> <span class='ocrx_word' id='word_1_253' title='bbox 211 2428 322 2481; x_wconf 86' lang='grc' dir='ltr'><em>δίναισιν</em></span> <span class='ocrx_word' id='word_1_254' title='bbox 334 2428 375 2489; x_wconf 86' lang='lat' dir='ltr'><strong>M.</strong></span> <span class='ocrx_word' id='word_1_255' title='bbox 393 2429 423 2480; x_wconf 84' lang='grc' dir='ltr'><strong>δ’</strong></span> <span class='ocrx_word' id='word_1_256' title='bbox 441 2429 489 2495; x_wconf 76' lang='grc' dir='ltr'><strong>ὅγε</strong></span> <span class='ocrx_word' id='word_1_257' title='bbox 502 2428 601 2500; x_wconf 85' lang='grc' dir='ltr'><em>δίνησιν</em></span> <span class='ocrx_word' id='word_1_258' title='bbox 614 2428 764 2483; x_wconf 72' lang='lat' dir='ltr'><strong>errati]</strong></span> <span class='ocrx_word' id='word_1_259' title='bbox 782 2430 843 2496; x_wconf 80' lang='lat' dir='ltr'><strong>eis,</strong></span> <span class='ocrx_word' id='word_1_260' title='bbox 865 2429 892 2480; x_wconf 82' lang='grc' dir='ltr'><strong>δ’</strong></span> <span class='ocrx_word' id='word_1_261' title='bbox 910 2428 954 2496; x_wconf 74' lang='grc' dir='ltr'><strong>ὅγ’</strong></span> <span class='ocrx_word' id='word_1_262' title='bbox 973 2429 1001 2480; x_wconf 84' lang='grc' dir='ltr'><strong>ἐν</strong></span> <span class='ocrx_word' id='word_1_263' title='bbox 1015 2430 1118 2499; x_wconf 84' lang='grc' dir='ltr'><em>δίνησιν</em></span> <span class='ocrx_word' id='word_1_264' title='bbox 1138 2427 1200 2482; x_wconf 82' lang='lat' dir='ltr'><strong>edd.</strong></span> <span class='ocrx_word' id='word_1_265' title='bbox 1213 2431 1273 2496; x_wconf 81' lang='lat' dir='ltr'><strong>poet</strong></span> 
     </span>
     <span class='ocr_line' id='line_1_25' title="bbox 152 2511 1272 2585; baseline -0.004 -16"><span class='ocrx_word' id='word_1_266' title='bbox 152 2514 243 2583; x_wconf 83' lang='lat' dir='ltr'><strong>Steph.</strong></span> <span class='ocrx_word' id='word_1_267' title='bbox 264 2545 292 2554; x_wconf 93' lang='lat'>—</span> <span class='ocrx_word' id='word_1_268' title='bbox 311 2514 485 2584; x_wconf 73' lang='grc' dir='ltr'><em>δναῴύχεσαε</em></span> <span class='ocrx_word' id='word_1_269' title='bbox 502 2514 567 2567; x_wconf 88' lang='grc' dir='ltr'><strong>ΑΜ</strong></span> <span class='ocrx_word' id='word_1_270' title='bbox 586 2519 612 2566; x_wconf 83' lang='lat' dir='ltr'><strong>et</strong></span> <span class='ocrx_word' id='word_1_271' title='bbox 630 2515 723 2568; x_wconf 86' lang='lat' dir='ltr'><strong>Herm.</strong></span> <span class='ocrx_word' id='word_1_272' title='bbox 740 2529 774 2567; x_wconf 82' lang='lat' dir='ltr'><strong>ex</strong></span> <span class='ocrx_word' id='word_1_273' title='bbox 793 2515 870 2583; x_wconf 79' lang='lat' dir='ltr'><strong>coni,</strong></span> <span class='ocrx_word' id='word_1_274' title='bbox 887 2513 1057 2585; x_wconf 79' lang='grc' dir='ltr'><em>δνεψιίχεσκε</em></span> <span class='ocrx_word' id='word_1_275' title='bbox 1075 2514 1132 2567; x_wconf 91' lang='lat' dir='ltr'><strong>rell.</strong></span> <span class='ocrx_word' id='word_1_276' title='bbox 1151 2511 1228 2568; x_wconf 81' lang='lat' dir='ltr'><strong>0ch</strong></span> <span class='ocrx_word' id='word_1_277' title='bbox 1245 2516 1272 2565; x_wconf 82' lang='lat' dir='ltr'><strong>ei</strong></span> 
     </span>
     <span class='ocr_line' id='line_1_26' title="bbox 151 2595 1272 2670; baseline -0.003 -17"><span class='ocrx_word' id='word_1_278' title='bbox 151 2599 211 2653; x_wconf 85' lang='lat' dir='ltr'><strong>edd.</strong></span> <span class='ocrx_word' id='word_1_279' title='bbox 229 2597 424 2670; x_wconf 80' lang='grc' dir='ltr'><em>(άνεστάχεσιιε</em></span> <span class='ocrx_word' id='word_1_280' title='bbox 444 2598 504 2666; x_wconf 85' lang='lat' dir='ltr'><strong>if.);</strong></span> <span class='ocrx_word' id='word_1_281' title='bbox 528 2598 671 2668; x_wconf 83' lang='grc' dir='ltr'><em>θαλάσσης</em></span> <span class='ocrx_word' id='word_1_282' title='bbox 693 2599 768 2653; x_wconf 88' lang='lat' dir='ltr'><strong>codd.</strong></span> <span class='ocrx_word' id='word_1_283' title='bbox 788 2604 815 2652; x_wconf 83' lang='lat' dir='ltr'><strong>et</strong></span> <span class='ocrx_word' id='word_1_284' title='bbox 833 2598 892 2655; x_wconf 83' lang='lat' dir='ltr'><strong>edd.</strong></span> <span class='ocrx_word' id='word_1_285' title='bbox 910 2607 973 2653; x_wconf 87' lang='lat' dir='ltr'><strong>ante</strong></span> <span class='ocrx_word' id='word_1_286' title='bbox 996 2599 1101 2666; x_wconf 77' lang='lat' dir='ltr'><strong>Herm,</strong></span> <span class='ocrx_word' id='word_1_287' title='bbox 1124 2597 1171 2666; x_wconf 89' lang='lat' dir='ltr'><strong>qui</strong></span> <span class='ocrx_word' id='word_1_288' title='bbox 1197 2595 1272 2651; x_wconf 81' lang='lat' dir='ltr'><strong>cmis-</strong></span> 
     </span>
     <span class='ocr_line' id='line_1_27' title="bbox 151 2675 1272 2752; baseline 0.002 -15"><span class='ocrx_word' id='word_1_289' title='bbox 151 2699 209 2737; x_wconf 90' lang='lat' dir='ltr'><strong>sum</strong></span> <span class='ocrx_word' id='word_1_290' title='bbox 228 2675 383 2752; x_wconf 79' lang='lat' dir='ltr'><strong>invulgata</strong></span> <span class='ocrx_word' id='word_1_291' title='bbox 403 2684 518 2737; x_wconf 88' lang='lat' dir='ltr'><strong>lectione</strong></span> <span class='ocrx_word' id='word_1_292' title='bbox 536 2699 682 2751; x_wconf 90' lang='lat' dir='ltr'><strong>pronomen</strong></span> <span class='ocrx_word' id='word_1_293' title='bbox 700 2682 774 2737; x_wconf 63' lang='lat' dir='ltr'><strong>§vel</strong></span> <span class='ocrx_word' id='word_1_294' title='bbox 792 2684 876 2738; x_wconf 89' lang='lat' dir='ltr'><strong>simile</strong></span> <span class='ocrx_word' id='word_1_295' title='bbox 889 2683 953 2752; x_wconf 89' lang='lat' dir='ltr'><strong>quid</strong></span> <span class='ocrx_word' id='word_1_296' title='bbox 965 2683 1113 2751; x_wconf 88' lang='lat' dir='ltr'><strong>requirens,</strong></span> <span class='ocrx_word' id='word_1_297' title='bbox 1131 2681 1272 2750; x_wconf 72' lang='grc' dir='ltr'><em>θαλάσσης</em></span> 
     </span>
     <span class='ocr_line' id='line_1_28' title="bbox 152 2765 1271 2836; baseline -0.002 -15"><span class='ocrx_word' id='word_1_298' title='bbox 152 2773 246 2836; x_wconf 82' lang='lat' dir='ltr'><strong>utpote</strong></span> <span class='ocrx_word' id='word_1_299' title='bbox 270 2775 318 2820; x_wconf 89' lang='lat' dir='ltr'><strong>aut</strong></span> <span class='ocrx_word' id='word_1_300' title='bbox 341 2783 375 2820; x_wconf 85' lang='lat' dir='ltr'><strong>ex</strong></span> <span class='ocrx_word' id='word_1_301' title='bbox 397 2767 619 2834; x_wconf 82' lang='lat' dir='ltr'><strong>interpretatione</strong></span> <span class='ocrx_word' id='word_1_302' title='bbox 641 2772 689 2820; x_wconf 88' lang='lat' dir='ltr'><strong>aut</strong></span> <span class='ocrx_word' id='word_1_303' title='bbox 713 2782 746 2820; x_wconf 82' lang='lat' dir='ltr'><strong>ex</strong></span> <span class='ocrx_word' id='word_1_304' title='bbox 764 2766 933 2820; x_wconf 77' lang='lat' dir='ltr'><strong>aberratione</strong></span> <span class='ocrx_word' id='word_1_305' title='bbox 950 2766 986 2820; x_wconf 88' lang='lat' dir='ltr'><strong>ad</strong></span> <span class='ocrx_word' id='word_1_306' title='bbox 1002 2784 1026 2820; x_wconf 83' lang='lat' dir='ltr'><strong>v.</strong></span> <span class='ocrx_word' id='word_1_307' title='bbox 1045 2771 1096 2822; x_wconf 88' lang='grc'><strong>559</strong></span> <span class='ocrx_word' id='word_1_308' title='bbox 1114 2774 1204 2821; x_wconf 88' lang='lat' dir='ltr'><strong>crtum</strong></span> <span class='ocrx_word' id='word_1_309' title='bbox 1222 2765 1271 2819; x_wconf 88' lang='lat' dir='ltr'><strong>eie-</strong></span> 
     </span>
    </p>
   </div>
   <div class='ocr_carea' id='block_1_4' title="bbox 69 2849 1270 2919">
    <p class='ocr_par' dir='ltr' id='par_1_4' title="bbox 69 2849 1270 2919">
     <span class='ocr_line' id='line_1_29' title="bbox 69 2849 1270 2919; baseline -0.002 -15"><span class='ocrx_word' id='word_1_310' title='bbox 69 2909 73 2915; x_wconf 49' lang='lat'>,</span> <span class='ocrx_word' id='word_1_311' title='bbox 152 2851 189 2905; x_wconf 91' lang='lat' dir='ltr'><strong>cit</strong></span> <span class='ocrx_word' id='word_1_312' title='bbox 212 2857 240 2904; x_wconf 90' lang='lat' dir='ltr'><strong>et</strong></span> <span class='ocrx_word' id='word_1_313' title='bbox 261 2867 310 2918; x_wconf 93' lang='lat' dir='ltr'><strong>pro</strong></span> <span class='ocrx_word' id='word_1_314' title='bbox 330 2865 361 2904; x_wconf 91' lang='lat' dir='ltr'><strong>eo</strong></span> <span class='ocrx_word' id='word_1_315' title='bbox 385 2851 460 2917; x_wconf 89' lang='grc' dir='ltr'><em>φίλον</em></span> <span class='ocrx_word' id='word_1_316' title='bbox 485 2854 536 2919; x_wconf 76' lang='grc' dir='ltr'><strong>κῆρ</strong></span> <span class='ocrx_word' id='word_1_317' title='bbox 556 2849 653 2917; x_wconf 90' lang='lat' dir='ltr'><strong>posuit.</strong></span> <span class='ocrx_word' id='word_1_318' title='bbox 690 2850 882 2904; x_wconf 79' lang='lat' dir='ltr'><strong>»Verisimilins</strong></span> <span class='ocrx_word' id='word_1_319' title='bbox 905 2850 1012 2919; x_wconf 88' lang='lat' dir='ltr'><strong>quidem</strong></span> <span class='ocrx_word' id='word_1_320' title='bbox 1036 2851 1187 2919; x_wconf 89' lang='lat' dir='ltr'><strong>scripsisset</strong></span> <span class='ocrx_word' id='word_1_321' title='bbox 1211 2852 1270 2903; x_wconf 85' lang='grc' dir='ltr'><em>ιλνα-</em></span> 
     </span>
    </p>
   </div>
   <div class='ocr_carea' id='block_1_5' title="bbox 150 2935 1271 3342">
    <p class='ocr_par' dir='ltr' id='par_1_5' title="bbox 150 2935 1271 3342">
     <span class='ocr_line' id='line_1_30' title="bbox 151 2935 1270 3006; baseline 0.002 -18"><span class='ocrx_word' id='word_1_322' title='bbox 151 2937 274 3006; x_wconf 63' lang='lat' dir='ltr'><strong>dapem</strong></span> <span class='ocrx_word' id='word_1_323' title='bbox 292 2935 445 3002; x_wconf 74' lang='grc' dir='ltr'><em>ααλαγμόν;</em></span> <span class='ocrx_word' id='word_1_324' title='bbox 470 2935 517 2988; x_wconf 89' lang='lat' dir='ltr'><strong>scd</strong></span> <span class='ocrx_word' id='word_1_325' title='bbox 541 2949 644 2987; x_wconf 87' lang='lat' dir='ltr'><strong>omnem</strong></span> <span class='ocrx_word' id='word_1_326' title='bbox 669 2935 860 2989; x_wconf 89' lang='lat' dir='ltr'><strong>correctionem</strong></span> <span class='ocrx_word' id='word_1_327' title='bbox 883 2950 1026 3004; x_wconf 90' lang='lat' dir='ltr'><strong>perperam</strong></span> <span class='ocrx_word' id='word_1_328' title='bbox 1048 2935 1106 2989; x_wconf 87' lang='lat' dir='ltr'><strong>fieri</strong></span> <span class='ocrx_word' id='word_1_329' title='bbox 1125 2951 1157 2990; x_wconf 91' lang='lat' dir='ltr'><strong>eo</strong></span> <span class='ocrx_word' id='word_1_330' title='bbox 1177 2935 1270 3002; x_wconf 76' lang='lat' dir='ltr'><strong>elucet,</strong></span> 
     </span>
     <span class='ocr_line' id='line_1_31' title="bbox 151 3018 1270 3090; baseline -0.002 -17"><span class='ocrx_word' id='word_1_331' title='bbox 151 3020 223 3088; x_wconf 88' lang='lat' dir='ltr'><strong>quod</strong></span> <span class='ocrx_word' id='word_1_332' title='bbox 241 3019 375 3088; x_wconf 76' lang='grc' dir='ltr'><em>ἀναψύχοι</em></span> <span class='ocrx_word' id='word_1_333' title='bbox 393 3019 475 3071; x_wconf 89' lang='lat' dir='ltr'><strong>etiam</strong></span> <span class='ocrx_word' id='word_1_334' title='bbox 487 3018 661 3072; x_wconf 88' lang='lat' dir='ltr'><strong>reviviscendi</strong></span> <span class='ocrx_word' id='word_1_335' title='bbox 679 3027 706 3072; x_wconf 93' lang='lat' dir='ltr'><strong>et</strong></span> <span class='ocrx_word' id='word_1_336' title='bbox 718 3034 746 3072; x_wconf 89' lang='lat' dir='ltr'><strong>se</strong></span> <span class='ocrx_word' id='word_1_337' title='bbox 758 3019 895 3075; x_wconf 89' lang='lat' dir='ltr'><strong>reficiendi</strong></span> <span class='ocrx_word' id='word_1_338' title='bbox 906 3021 1041 3075; x_wconf 91' lang='lat' dir='ltr'><strong>notionem</strong></span> <span class='ocrx_word' id='word_1_339' title='bbox 1052 3020 1143 3090; x_wconf 88' lang='lat' dir='ltr'><strong>babet,</strong></span> <span class='ocrx_word' id='word_1_340' title='bbox 1161 3026 1193 3074; x_wconf 91' lang='lat' dir='ltr'><strong>ut</strong></span> <span class='ocrx_word' id='word_1_341' title='bbox 1205 3021 1270 3089; x_wconf 91' lang='lat' dir='ltr'><strong>Opp.</strong></span> 
     </span>
     <span class='ocr_line' id='line_1_32' title="bbox 150 3103 1270 3174; baseline -0.003 -14"><span class='ocrx_word' id='word_1_342' title='bbox 150 3105 248 3160; x_wconf 83' lang='lat' dir='ltr'><strong>Halv</strong></span> <span class='ocrx_word' id='word_1_343' title='bbox 265 3108 316 3158; x_wconf 79' lang='lat'><strong>623</strong></span> <span class='ocrx_word' id='word_1_344' title='bbox 339 3104 489 3173; x_wconf 85' lang='grc' dir='ltr'><em>προτέροιο</em></span> <span class='ocrx_word' id='word_1_345' title='bbox 514 3105 542 3155; x_wconf 81' lang='grc' dir='ltr'><strong>δ’</strong></span> <span class='ocrx_word' id='word_1_346' title='bbox 560 3103 719 3170; x_wconf 74' lang='grc' dir='ltr'><em>ἀναψάξιοσι</em></span> <span class='ocrx_word' id='word_1_347' title='bbox 743 3105 848 3159; x_wconf 83' lang='grc' dir='ltr'><em>πόνοιο.</em></span> <span class='ocrx_word' id='word_1_348' title='bbox 884 3105 943 3160; x_wconf 84' lang='lat' dir='ltr'><strong>Nic.</strong></span> <span class='ocrx_word' id='word_1_349' title='bbox 966 3105 1046 3159; x_wconf 87' lang='lat' dir='ltr'><strong>Ther.</strong></span> <span class='ocrx_word' id='word_1_350' title='bbox 1070 3108 1135 3168; x_wconf 87' lang='grc'><strong>313,</strong></span> <span class='ocrx_word' id='word_1_351' title='bbox 1159 3104 1270 3174; x_wconf 86' lang='lat' dir='ltr'><strong>aliisque</strong></span> 
     </span>
     <span class='ocr_line' id='line_1_33' title="bbox 151 3186 1269 3257; baseline 0 -15"><span class='ocrx_word' id='word_1_352' title='bbox 151 3189 217 3244; x_wconf 88' lang='lat' dir='ltr'><strong>locis</strong></span> <span class='ocrx_word' id='word_1_353' title='bbox 232 3204 285 3242; x_wconf 93' lang='lat' dir='ltr'><strong>non</strong></span> <span class='ocrx_word' id='word_1_354' title='bbox 296 3187 415 3255; x_wconf 71' lang='lat' dir='ltr'><strong>peusis«.</strong></span> <span class='ocrx_word' id='word_1_355' title='bbox 432 3186 518 3240; x_wconf 89' lang='lat' dir='ltr'><strong>Wiel</strong></span> <span class='ocrx_word' id='word_1_356' title='bbox 535 3203 562 3254; x_wconf 92' lang='lat' dir='ltr'><strong>p.</strong></span> <span class='ocrx_word' id='word_1_357' title='bbox 574 3190 608 3241; x_wconf 82' lang='lat'><strong>32</strong></span> <span class='ocrx_word' id='word_1_358' title='bbox 621 3203 700 3256; x_wconf 87' lang='lat' dir='ltr'><strong>quem</strong></span> <span class='ocrx_word' id='word_1_359' title='bbox 713 3195 820 3243; x_wconf 90' lang='lat' dir='ltr'><strong>secutus</strong></span> <span class='ocrx_word' id='word_1_360' title='bbox 832 3195 873 3243; x_wconf 91' lang='lat' dir='ltr'><strong>est</strong></span> <span class='ocrx_word' id='word_1_361' title='bbox 886 3187 1053 3244; x_wconf 80' lang='lat' dir='ltr'><strong>Seideuadel.</strong></span> <span class='ocrx_word' id='word_1_362' title='bbox 1082 3189 1164 3257; x_wconf 86' lang='lat' dir='ltr'><strong>Apud</strong></span> <span class='ocrx_word' id='word_1_363' title='bbox 1174 3189 1269 3255; x_wconf 76' lang='lat' dir='ltr'><strong>Nican-</strong></span> 
     </span>
     <span class='ocr_line' id='line_1_34' title="bbox 152 3270 1271 3342; baseline 0 -15"><span class='ocrx_word' id='word_1_364' title='bbox 152 3274 229 3327; x_wconf 87' lang='lat' dir='ltr'><strong>drum</strong></span> <span class='ocrx_word' id='word_1_365' title='bbox 246 3288 318 3326; x_wconf 91' lang='lat' dir='ltr'><strong>nunc</strong></span> <span class='ocrx_word' id='word_1_366' title='bbox 336 3270 443 3340; x_wconf 87' lang='lat' dir='ltr'><strong>quidem</strong></span> <span class='ocrx_word' id='word_1_367' title='bbox 460 3271 560 3325; x_wconf 89' lang='lat' dir='ltr'><strong>rectius</strong></span> <span class='ocrx_word' id='word_1_368' title='bbox 577 3272 755 3342; x_wconf 75' lang='grc' dir='ltr'><em>ἀποψύχοντα</em></span> <span class='ocrx_word' id='word_1_369' title='bbox 773 3273 869 3338; x_wconf 88' lang='lat' dir='ltr'><strong>editur,</strong></span> <span class='ocrx_word' id='word_1_370' title='bbox 888 3273 936 3328; x_wconf 87' lang='lat' dir='ltr'><strong>sed</strong></span> <span class='ocrx_word' id='word_1_371' title='bbox 954 3274 1007 3328; x_wconf 90' lang='lat' dir='ltr'><strong>alia</strong></span> <span class='ocrx_word' id='word_1_372' title='bbox 1025 3274 1149 3342; x_wconf 89' lang='lat' dir='ltr'><strong>exempla</strong></span> <span class='ocrx_word' id='word_1_373' title='bbox 1166 3273 1271 3327; x_wconf 84' lang='lat' dir='ltr'><strong>minime</strong></span> 
     </span>
    </p>
   </div>
   <div class='ocr_carea' id='block_1_6' title="bbox 146 3358 1271 4140">
    <p class='ocr_par' dir='ltr' id='par_1_6' title="bbox 146 3358 1271 4140">
     <span class='ocr_line' id='line_1_35' title="bbox 150 3358 1270 3459; baseline 0.001 -16"><span class='ocrx_word' id='word_1_374' title='bbox 150 3389 232 3445; x_wconf 87' lang='lat' dir='ltr'><strong>dubia</strong></span> <span class='ocrx_word' id='word_1_375' title='bbox 249 3390 377 3458; x_wconf 76' lang='lat' dir='ltr'><strong>leguntur</strong></span> <span class='ocrx_word' id='word_1_376' title='bbox 395 3390 423 3442; x_wconf 90' lang='lat' dir='ltr'><strong>in</strong></span> <span class='ocrx_word' id='word_1_377' title='bbox 435 3389 578 3443; x_wconf 82' lang='lat' dir='ltr'><strong>novissima</strong></span> <span class='ocrx_word' id='word_1_378' title='bbox 589 3389 720 3443; x_wconf 82' lang='lat' dir='ltr'><strong>Thesauri</strong></span> <span class='ocrx_word' id='word_1_379' title='bbox 731 3391 908 3459; x_wconf 83' lang='lat' dir='ltr'><strong>Stephaniani</strong></span> <span class='ocrx_word' id='word_1_380' title='bbox 920 3391 1046 3446; x_wconf 87' lang='lat' dir='ltr'><strong>editione.</strong></span> <span class='ocrx_word' id='word_1_381' title='bbox 1059 3423 1091 3433; x_wconf 97' lang='lat'>-</span> <span class='ocrx_word' id='word_1_382' title='bbox 1109 3392 1173 3444; x_wconf 87' lang='grc'><strong>564</strong></span> <span class='ocrx_word' id='word_1_383' title='bbox 1187 3358 1270 3446; x_wconf 63' lang='grc' dir='ltr'><em>δίίνό-</em></span> 
     </span>
     <span class='ocr_line' id='line_1_36' title="bbox 148 3473 1271 3542; baseline 0.002 -16"><span class='ocrx_word' id='word_1_384' title='bbox 148 3491 227 3539; x_wconf 82' lang='grc' dir='ltr'><em>μενοι</em></span> <span class='ocrx_word' id='word_1_385' title='bbox 245 3473 285 3541; x_wconf 71' lang='lat' dir='ltr'><strong>V,</strong></span> <span class='ocrx_word' id='word_1_386' title='bbox 303 3476 476 3542; x_wconf 78' lang='grc' dir='ltr'><em>κορέσσαντο</em></span> <span class='ocrx_word' id='word_1_387' title='bbox 494 3473 643 3528; x_wconf 80' lang='lat' dir='ltr'><strong>BPPal.V</strong></span> <span class='ocrx_word' id='word_1_388' title='bbox 662 3475 717 3528; x_wconf 82' lang='lat' dir='ltr'><strong>aii.</strong></span> <span class='ocrx_word' id='word_1_389' title='bbox 734 3507 768 3515; x_wconf 94' lang='lat'><em>-</em></span> <span class='ocrx_word' id='word_1_390' title='bbox 787 3477 858 3529; x_wconf 86' lang='grc'>564.</span> <span class='ocrx_word' id='word_1_391' title='bbox 871 3477 934 3529; x_wconf 89' lang='grc'><strong>565</strong></span> <span class='ocrx_word' id='word_1_392' title='bbox 949 3477 1116 3539; x_wconf 86' lang='grc' dir='ltr'><em>διαινόμενοι</em></span> <span class='ocrx_word' id='word_1_393' title='bbox 1127 3506 1162 3517; x_wconf 91' lang='grc'><strong>-</strong></span> <span class='ocrx_word' id='word_1_394' title='bbox 1174 3478 1271 3541; x_wconf 78' lang='grc' dir='ltr'><em>θάμνοι</em></span> 
     </span>
     <span class='ocr_line' id='line_1_37' title="bbox 148 3559 1270 3630; baseline 0.004 -16"><span class='ocrx_word' id='word_1_395' title='bbox 148 3575 201 3614; x_wconf 84' lang='lat' dir='ltr'><strong>om.</strong></span> <span class='ocrx_word' id='word_1_396' title='bbox 218 3560 244 3612; x_wconf 89' lang='lat' dir='ltr'><strong>A</strong></span> <span class='ocrx_word' id='word_1_397' title='bbox 262 3559 290 3613; x_wconf 89' lang='lat' dir='ltr'><strong>in</strong></span> <span class='ocrx_word' id='word_1_398' title='bbox 307 3559 411 3613; x_wconf 82' lang='lat' dir='ltr'><strong>lacuna.</strong></span> <span class='ocrx_word' id='word_1_399' title='bbox 425 3589 454 3598; x_wconf 98' lang='lat'>-</span> <span class='ocrx_word' id='word_1_400' title='bbox 471 3560 534 3611; x_wconf 89' lang='grc'><strong>565</strong></span> <span class='ocrx_word' id='word_1_401' title='bbox 553 3561 578 3612; x_wconf 78' lang='grc' dir='ltr'><strong>οἱ</strong></span> <span class='ocrx_word' id='word_1_402' title='bbox 587 3561 625 3629; x_wconf 73' lang='lat' dir='ltr'><strong>,bri</strong></span> <span class='ocrx_word' id='word_1_403' title='bbox 644 3562 700 3615; x_wconf 79' lang='lat' dir='ltr'><strong>ais.</strong></span> <span class='ocrx_word' id='word_1_404' title='bbox 715 3592 746 3602; x_wconf 92' lang='lat'>—</span> <span class='ocrx_word' id='word_1_405' title='bbox 760 3563 822 3614; x_wconf 89' lang='grc'><strong>566</strong></span> <span class='ocrx_word' id='word_1_406' title='bbox 838 3563 900 3630; x_wconf 83' lang='grc' dir='ltr'><em>σφίν</em></span> <span class='ocrx_word' id='word_1_407' title='bbox 919 3565 948 3615; x_wconf 84' lang='grc' dir='ltr'><strong>τ’</strong></span> <span class='ocrx_word' id='word_1_408' title='bbox 966 3562 1004 3630; x_wconf 86' lang='grc' dir='ltr'><strong>Μ,</strong></span> <span class='ocrx_word' id='word_1_409' title='bbox 1022 3580 1085 3629; x_wconf 85' lang='grc' dir='ltr'><em>σφιν</em></span> <span class='ocrx_word' id='word_1_410' title='bbox 1104 3576 1197 3617; x_wconf 84' lang='lat' dir='ltr'><strong>omnes</strong></span> <span class='ocrx_word' id='word_1_411' title='bbox 1214 3562 1270 3617; x_wconf 80' lang='lat' dir='ltr'><strong>rell.</strong></span> 
     </span>
     <span class='ocr_line' id='line_1_38' title="bbox 149 3642 1270 3716; baseline 0.001 -18"><span class='ocrx_word' id='word_1_412' title='bbox 149 3642 227 3703; x_wconf 85' lang='lat' dir='ltr'><strong>codd.</strong></span> <span class='ocrx_word' id='word_1_413' title='bbox 244 3651 273 3698; x_wconf 89' lang='lat' dir='ltr'><strong>et</strong></span> <span class='ocrx_word' id='word_1_414' title='bbox 290 3643 350 3697; x_wconf 90' lang='lat' dir='ltr'><strong>edd.</strong></span> <span class='ocrx_word' id='word_1_415' title='bbox 368 3651 431 3700; x_wconf 86' lang='lat' dir='ltr'><strong>enta</strong></span> <span class='ocrx_word' id='word_1_416' title='bbox 448 3645 553 3714; x_wconf 82' lang='lat' dir='ltr'><strong>Herm,</strong></span> <span class='ocrx_word' id='word_1_417' title='bbox 576 3647 621 3714; x_wconf 87' lang='lat' dir='ltr'><strong>qui</strong></span> <span class='ocrx_word' id='word_1_418' title='bbox 646 3647 735 3716; x_wconf 84' lang='grc' dir='ltr'><em>σφίσιν</em></span> <span class='ocrx_word' id='word_1_419' title='bbox 759 3647 875 3715; x_wconf 89' lang='lat' dir='ltr'><strong>recepit,</strong></span> <span class='ocrx_word' id='word_1_420' title='bbox 899 3647 1054 3715; x_wconf 74' lang='lat' dir='ltr'><strong>Tyrshitti,</strong></span> <span class='ocrx_word' id='word_1_421' title='bbox 1076 3646 1227 3714; x_wconf 69' lang='lat' dir='ltr'><strong>Musprarii</strong></span> <span class='ocrx_word' id='word_1_422' title='bbox 1243 3651 1270 3701; x_wconf 88' lang='lat' dir='ltr'><strong>et</strong></span> 
     </span>
     <span class='ocr_line' id='line_1_39' title="bbox 149 3727 1268 3801; baseline 0 -18"><span class='ocrx_word' id='word_1_423' title='bbox 149 3727 291 3783; x_wconf 76' lang='lat' dir='ltr'><strong>Schraderi</strong></span> <span class='ocrx_word' id='word_1_424' title='bbox 309 3729 347 3796; x_wconf 91' lang='lat' dir='ltr'><strong>(in</strong></span> <span class='ocrx_word' id='word_1_425' title='bbox 365 3727 424 3783; x_wconf 79' lang='lat' dir='ltr'><strong>itm.</strong></span> <span class='ocrx_word' id='word_1_426' title='bbox 443 3731 531 3787; x_wconf 82' lang='lat' dir='ltr'><strong>Praei.</strong></span> <span class='ocrx_word' id='word_1_427' title='bbox 547 3749 574 3801; x_wconf 93' lang='lat' dir='ltr'><strong>p.</strong></span> <span class='ocrx_word' id='word_1_428' title='bbox 586 3732 650 3801; x_wconf 89' lang='lat' dir='ltr'><strong>Vll)</strong></span> <span class='ocrx_word' id='word_1_429' title='bbox 669 3733 858 3788; x_wconf 84' lang='lat' dir='ltr'><strong>coniecturam.</strong></span> <span class='ocrx_word' id='word_1_430' title='bbox 884 3763 913 3772; x_wconf 98' lang='lat'>-</span> <span class='ocrx_word' id='word_1_431' title='bbox 940 3733 1003 3784; x_wconf 81' lang='grc'><strong>567</strong></span> <span class='ocrx_word' id='word_1_432' title='bbox 1022 3731 1126 3799; x_wconf 81' lang='grc' dir='ltr'><em>λῦθρον</em></span> <span class='ocrx_word' id='word_1_433' title='bbox 1144 3731 1168 3786; x_wconf 93' lang='lat' dir='ltr'><strong>B</strong></span> <span class='ocrx_word' id='word_1_434' title='bbox 1174 3751 1183 3794; x_wconf 88' lang='lat'>;</span> <span class='ocrx_word' id='word_1_435' title='bbox 1203 3730 1268 3784; x_wconf 83' lang='grc' dir='ltr'><em>θοαλ</em></span> 
     </span>
     <span class='ocr_line' id='line_1_40' title="bbox 146 3804 1268 3886; baseline 0.007 -22"><span class='ocrx_word' id='word_1_436' title='bbox 146 3812 322 3881; x_wconf 63' lang='lat' dir='ltr'><strong>perducere</strong></span> <span class='ocrx_word' id='word_1_437' title='bbox 330 3829 365 3867; x_wconf 86' lang='lat' dir='ltr'><strong>ex</strong></span> <span class='ocrx_word' id='word_1_438' title='bbox 374 3815 511 3882; x_wconf 85' lang='lat' dir='ltr'><strong>superiore</strong></span> <span class='ocrx_word' id='word_1_439' title='bbox 520 3831 600 3870; x_wconf 86' lang='lat' dir='ltr'><strong>versu</strong></span> <span class='ocrx_word' id='word_1_440' title='bbox 611 3817 719 3886; x_wconf 88' lang='lat' dir='ltr'><strong>irrepsit</strong></span> <span class='ocrx_word' id='word_1_441' title='bbox 729 3817 756 3871; x_wconf 91' lang='lat' dir='ltr'><strong>in</strong></span> <span class='ocrx_word' id='word_1_442' title='bbox 767 3819 801 3871; x_wconf 88' lang='lat' dir='ltr'><strong>A.</strong></span> <span class='ocrx_word' id='word_1_443' title='bbox 815 3846 845 3856; x_wconf 95' lang='lat'>-</span> <span class='ocrx_word' id='word_1_444' title='bbox 864 3817 929 3886; x_wconf 73' lang='lat' dir='ltr'><strong>cepi</strong></span> <span class='ocrx_word' id='word_1_445' title='bbox 942 3817 1058 3885; x_wconf 75' lang='grc' dir='ltr'><em>πήγννον</em></span> <span class='ocrx_word' id='word_1_446' title='bbox 1071 3817 1139 3870; x_wconf 90' lang='lat' dir='ltr'><strong>coni.</strong></span> <span class='ocrx_word' id='word_1_447' title='bbox 1154 3804 1268 3885; x_wconf 64' lang='lat' dir='ltr'><strong>Tyrsi,</strong></span> 
     </span>
     <span class='ocr_line' id='line_1_41' title="bbox 146 3897 1269 3970; baseline 0.003 -19"><span class='ocrx_word' id='word_1_448' title='bbox 146 3899 200 3951; x_wconf 67' lang='lat' dir='ltr'><strong>nt</strong></span> <span class='ocrx_word' id='word_1_449' title='bbox 213 3897 341 3964; x_wconf 88' lang='lat' dir='ltr'><strong>repetitio</strong></span> <span class='ocrx_word' id='word_1_450' title='bbox 358 3901 410 3951; x_wconf 84' lang='grc' dir='ltr'><strong>τοῦ</strong></span> <span class='ocrx_word' id='word_1_451' title='bbox 421 3900 546 3968; x_wconf 51' lang='grc' dir='ltr'><em>,πήγννον</em></span> <span class='ocrx_word' id='word_1_452' title='bbox 564 3901 684 3955; x_wconf 84' lang='lat' dir='ltr'><strong>inversu</strong></span> <span class='ocrx_word' id='word_1_453' title='bbox 700 3908 829 3968; x_wconf 89' lang='lat' dir='ltr'><strong>sequente</strong></span> <span class='ocrx_word' id='word_1_454' title='bbox 846 3902 952 3956; x_wconf 91' lang='lat' dir='ltr'><strong>mollior</strong></span> <span class='ocrx_word' id='word_1_455' title='bbox 969 3901 1089 3955; x_wconf 78' lang='lat' dir='ltr'><strong>evadat«.</strong></span> <span class='ocrx_word' id='word_1_456' title='bbox 1121 3901 1179 3955; x_wconf 72' lang='lat' dir='ltr'><strong>»De</strong></span> <span class='ocrx_word' id='word_1_457' title='bbox 1197 3919 1269 3970; x_wconf 75' lang='grc' dir='ltr'><em>περι·</em></span> 
     </span>
     <span class='ocr_line' id='line_1_42' title="bbox 152 3978 1269 4054; baseline 0.005 -19"><span class='ocrx_word' id='word_1_458' title='bbox 152 3978 268 4051; x_wconf 51' lang='lat' dir='ltr'><strong>*aas</strong></span> <span class='ocrx_word' id='word_1_459' title='bbox 286 3982 403 4037; x_wconf 85' lang='lat' dir='ltr'><strong>noudum</strong></span> <span class='ocrx_word' id='word_1_460' title='bbox 421 3985 553 4040; x_wconf 87' lang='lat' dir='ltr'><strong>assentior</strong></span> <span class='ocrx_word' id='word_1_461' title='bbox 570 3985 728 4054; x_wconf 82' lang='lat' dir='ltr'><strong>Tyrwbitto,</strong></span> <span class='ocrx_word' id='word_1_462' title='bbox 750 3986 796 4053; x_wconf 87' lang='lat' dir='ltr'><strong>qui</strong></span> <span class='ocrx_word' id='word_1_463' title='bbox 814 3985 919 4040; x_wconf 84' lang='lat' dir='ltr'><strong>videam</strong></span> <span class='ocrx_word' id='word_1_464' title='bbox 937 3986 1058 4040; x_wconf 88' lang='lat' dir='ltr'><strong>similiter</strong></span> <span class='ocrx_word' id='word_1_465' title='bbox 1076 3985 1174 4040; x_wconf 83' lang='lat' dir='ltr'><strong>dixisse</strong></span> <span class='ocrx_word' id='word_1_466' title='bbox 1192 3986 1269 4041; x_wconf 82' lang='lat' dir='ltr'><strong>Euri·</strong></span> 
     </span>
     <span class='ocr_line' id='line_1_43' title="bbox 152 4058 1270 4140; baseline 0.001 -19"><span class='ocrx_word' id='word_1_467' title='bbox 152 4058 240 4133; x_wconf 58' lang='grc' dir='ltr'><em>Μ</em></span> <span class='ocrx_word' id='word_1_468' title='bbox 256 4064 410 4123; x_wconf 72' lang='lat' dir='ltr'><strong>mustelis</strong></span> <span class='ocrx_word' id='word_1_469' title='bbox 428 4071 502 4124; x_wconf 81' lang='lat'><strong>1053.</strong></span> <span class='ocrx_word' id='word_1_470' title='bbox 519 4069 614 4134; x_wconf 75' lang='grc' dir='ltr'><em>λαβὸν</em></span> <span class='ocrx_word' id='word_1_471' title='bbox 630 4070 685 4139; x_wconf 77' lang='grc' dir='ltr'><strong>γὰρ</strong></span> <span class='ocrx_word' id='word_1_472' title='bbox 705 4069 802 4139; x_wconf 81' lang='grc' dir='ltr'><em>ἐλάτης</em></span> <span class='ocrx_word' id='word_1_473' title='bbox 821 4070 947 4140; x_wconf 77' lang='grc' dir='ltr'><em>οὐράνιον</em></span> <span class='ocrx_word' id='word_1_474' title='bbox 966 4067 1049 4139; x_wconf 73' lang='grc' dir='ltr'><em>ἄκρον</em></span> <span class='ocrx_word' id='word_1_475' title='bbox 1067 4070 1173 4138; x_wconf 80' lang='grc' dir='ltr'><em>κλάδον,</em></span> <span class='ocrx_word' id='word_1_476' title='bbox 1191 4073 1270 4138; x_wconf 78' lang='grc' dir='ltr'><em>κατῆ·</em></span> 
     </span>
    </p>
   </div>
   <div class='ocr_carea' id='block_1_7' title="bbox 0 0 1438 4620">
    <p class='ocr_par' dir='ltr' id='par_1_7' title="bbox 0 0 1438 4620">
     <span class='ocr_line' id='line_1_44' title="bbox 0 0 1438 4620; baseline 0 2"><span class='ocrx_word' id='word_1_477' title='bbox 0 0 1438 4620; x_wconf 95' lang='lat' dir='ltr'><strong> </strong></span> 
     </span>
    </p>
   </div>
  </div>
 </body>
</html>
