2866 4620
522 368 560 377 --
608 333 668 398 175
713 369 754 381 --

75 519 146 604 quis
170 516 283 581 vulnus
304 518 337 582 in
358 517 518 582 intestinis
540 517 698 596 habuerit,
721 517 799 583 trito
815 517 924 601 lapide
938 536 1010 582 cnm
1032 515 1116 581 lacte
1136 517 1199 582 cir-

76 620 262 702 cumunguis
289 619 490 697 intestinum,
521 624 554 683 61
580 619 754 684 sanabitur.
799 620 833 684 Si
855 620 925 704 quis
953 626 1062 685 autem
1088 619 1199 702 lingua

78 727 212 787 vexatus
234 722 346 800 fuerit,
377 721 523 786 similiter
551 742 591 786 ex
618 723 756 788 contrito
783 722 892 805 lapide
912 721 985 787 linis
1006 722 1145 805 linguam
1167 729 1201 786 61

74 825 250 889 curabitur.
295 824 411 888 Omnia
433 844 561 907 quoque
583 823 714 889 vulnera
735 825 801 889 sive
822 826 972 904 recentia,
995 825 1061 890 sive
1081 825 1200 889 inveta-

74 930 148 990 rata
170 937 263 990 curat
285 924 396 990 eodem
419 925 515 989 modo
544 926 699 991 contritus
722 932 755 989 et
775 932 987 1008 superunctus
1009 947 1080 990 cum
1103 925 1233 991 lacte.5

73 1027 205 1093 Resistit
238 1032 346 1091 autem
379 1027 422 1091 ad
456 1047 579 1091 omnem
609 1028 761 1092 invidiam
792 1029 995 1093 vehementer
1022 1034 1055 1093 61
1084 1049 1199 1110 corpus

75 1133 252 1195 conservat.
297 1127 360 1192 Sed
382 1129 480 1193 etiam
503 1135 630 1194 sanctos
653 1129 730 1195 deos
751 1132 910 1213 propitios
932 1131 1009 1196 facit
1030 1130 1199 1214 praeclara

75 1252 146 1295 cum
170 1231 398 1313 impetratione
421 1234 453 1294 61
474 1230 603 1295 honore.
649 1233 739 1296 Facit
768 1239 875 1298 autem
905 1238 938 1298 et
962 1233 1004 1297 ad
1033 1231 1199 1296 divinatio·

72 1353 146 1398 nem
180 1354 237 1415 per
266 1354 385 1416 aquam
413 1333 588 1417 intelligere
618 1341 729 1399 sancta
757 1356 921 1418 responsa.
974 1333 1198 1398 Divinantibus

77 1454 205 1517 quoque
227 1433 320 1498 valde
342 1434 482 1517 optimus
505 1440 570 1514 661;
592 1457 666 1500 nam
690 1437 745 1519 qui
761 1436 860 1501 habet
876 1457 947 1501 enm
963 1436 1142 1519 perfectum
1163 1435 1197 1499 in
1218 1442 1250 1493 10

72 1536 212 1602 formam
235 1536 392 1614 scarabei,
422 1537 528 1601 omnia
550 1559 627 1603 vera
650 1537 819 1617 divinabit,
852 1544 884 1604 et
906 1537 1014 1603 fidelia
1036 1537 1200 1602 habebun-

72 1642 135 1701 tur.
179 1637 222 1702 Et
244 1635 413 1719 placabilis
435 1638 497 1701 erit
524 1637 584 1703 deo
612 1644 645 1702 et
673 1638 867 1719 hominibus,
897 1640 951 1723 qui
980 1638 1064 1703 hunc
1093 1644 1200 1722 gestat

71 1759 144 1802 cum
166 1739 327 1803 castitate.
389 1736 406 1771 '

407 1924 476 1990 XV.
509 1925 636 2009 Lapis
658 1925 859 2009 Epistites.

158 2078 313 2161 Epistites
336 2083 443 2142 autem
458 2077 541 2161 lapis
564 2085 614 2143 661
628 2079 823 2144 rubicundus
839 2085 871 2143 et
886 2078 1055 2146 dilucidus.
1088 2079 1198 2145 Nasci·
1218 2093 1249 2144 15

75 2185 128 2244 tur
142 2200 215 2243 vero
238 2180 271 2242 in
287 2179 440 2244 Corintho
463 2181 551 2263 apud
572 2180 725 2263 templum
749 2181 809 2245 dei.
843 2180 951 2245 Habet
973 2187 1081 2246 autem
1101 2183 1199 2246 virtu-

72 2287 121 2346 tes
142 2280 221 2343 istas
243 2281 417 2345 maximas:
440 2281 501 2345 1616
523 2281 605 2364 lapis
621 2283 736 2345 missus
750 2283 783 2345 in
799 2302 916 2364 aquam
934 2283 1109 2348 ferventem
1125 2304 1196 2348 oon·

71 2382 161 2447 11666
183 2381 375 2463 tepidiorem
402 2381 525 2456 reddit;
556 2383 583 2445 si
613 2387 721 2446 autem
743 2385 927 2465 permiseris
954 2406 1026 2450 eum
1054 2386 1086 2449 in
1115 2405 1199 2468 aqua

70 2483 141 2548 fieri
164 2503 290 2548 omnem
313 2483 463 2547 ardorem
486 2480 578 2546 161161
600 2487 633 2546 61
654 2480 800 2563 frigidam
825 2503 942 2564 aquam
966 2483 1052 2548 facit.
1095 2485 1196 2549 Istum

75 2605 150 2650 vero
165 2584 308 2666 lapidem
324 2583 478 2648 habentes
493 2582 630 2647 malefici
645 2589 809 2647 removent
823 2603 843 2647 6
857 2584 1012 2648 fructibus
1027 2584 1198 2666 grandines
1215 2602 1250 2653 20

73 2692 107 2752 et
127 2685 261 2751 nebulas
283 2691 316 2750 61
338 2686 482 2750 16611666
504 2685 640 2763 nocivos,
664 2684 721 2748 sed
744 2690 777 2749 61
792 2684 942 2749 16666166.
976 2687 1020 2750 Et
1035 2686 1111 2751 deos
1125 2709 1198 2770 pro-

73 2789 171 2872 pitios
195 2791 272 2855 facit
293 2811 352 2873 per
366 2810 457 2854 suam
474 2791 661 2872 potentiam.
696 2789 870 2855 Praeterea
892 2811 963 2855 cum
985 2790 1103 2855 retinet
1124 2808 1201 2856 eum

123 2969 157 3020 11
173 2968 193 3019 2
207 2966 386 3034 circumungis
402 2986 433 3030 p;
450 2997 477 3006 -
495 2968 513 3020 ⁷
528 2967 571 3021 dei
591 2966 724 3035 propitius
743 2974 800 3036 6616
818 2967 883 3021 facit
901 2968 1055 3035 praeclaros
1073 2984 1134 3022 cum
1151 2969 1198 3022 im-

74 3052 214 3122 peratione
237 3051 270 3118 03
295 3083 329 3092 -
355 3053 376 3104 8
396 3053 585 3107 divinationem
604 3068 678 3119 ego,
697 3054 863 3108 divinitatem
885 3071 898 3105 6
905 3071 937 3121 p3
962 3085 997 3094 -
1023 3056 1058 3106 10
1077 3052 1196 3124 666666]

71 3153 113 3192 66
131 3136 221 3191 enim?
239 3168 271 3178 -
290 3140 318 3190 11
336 3139 457 3193 scarabei
475 3155 553 3207 ego,
571 3140 721 3200 666661116,
741 3138 878 3192 scarabaei
887 3155 922 3205 p3
938 3138 1103 3191 divinabitur
1121 3156 1147 3203 c;
1163 3168 1198 3179 —

71 3223 108 3274 14
124 3222 165 3275 De
184 3222 310 3289 epistite,
331 3223 428 3291 66161
448 3223 507 3276 aliis
529 3222 971 3290 6661166Η66166611166(1161166,
995 3222 1056 3275 vide
1075 3222 1197 3276 vincent.

70 3306 171 3360 Bollov.
191 3306 207 3360 l.
226 3307 243 3360 l.
262 3324 319 3376 cap.
339 3309 429 3361 LXX:
450 3307 651 3376 »Dyascoridcs
670 3307 789 3375 epistitin
810 3307 880 3373 lapis
897 3305 1061 3359 rubicundus
1079 3320 1110 3359 ac
1129 3306 1195 3359 dilu-

73 3390 148 3445 cidus
166 3398 207 3444 661
225 3399 253 3445 61
271 3393 391 3447 66661166
408 3394 435 3445 16
453 3392 583 3446 corintho.
607 3392 652 3445 hic
673 3393 700 3444 in
719 3406 815 3459 aquam
834 3390 981 3443 ferventem
999 3389 1095 3443 missus
1114 3390 1196 3445 conti-

69 3493 124 3530 nuo
143 3476 303 3544 tepidiorem
322 3493 381 3530 eam
400 3477 495 3531 reddit.
517 3480 584 3531 6161
604 3478 798 3546 aliquantulum
816 3477 920 3530 steterit
942 3476 980 3528 111
998 3491 1103 3529 omnem
1120 3474 1196 3529 ardo·

72 3577 130 3616 rem
148 3562 245 3616 tollens
263 3562 387 3630 frigidam
406 3579 466 3616 eam
484 3564 558 3618 facit.
588 3564 667 3616 Hunc
684 3578 744 3615 cum
762 3562 859 3629 aliquis
877 3563 904 3613 in
922 3577 1003 3614 manu
1022 3561 1118 3615 dextra
1135 3575 1196 3613 666-

75 3652 119 3700 166
136 3645 218 3701 solem
238 3648 354 3701 tenuerit
372 3647 460 3702 radios
479 3649 577 3702 emittit
596 3655 623 3701 61
640 3648 728 3715 ignem
745 3647 835 3702 vomit.
854 3647 893 3700 116
910 3654 940 3700 61
958 3646 1079 3700 videntes
1099 3645 1195 3698 miren-

67 3737 121 3784 tur.
159 3731 210 3798 Qui
229 3747 292 3785 vero
311 3732 382 3786 circa
405 3732 544 3841 braicthium
567 3733 702 3786 sinistrum
725 3747 785 3785 cum
806 3731 968 3841 pprlaverit,
992 3746 1084 3786 omncs
1101 3730 1195 3783 turbas

66 3851 258 3917 contempnit«
278 3883 311 3892 -
329 3854 365 3904 14
382 3852 504 3920 Epistem
521 3851 580 3918 (sic)
595 3852 629 3912 03
649 3881 682 3890 —
700 3851 733 3901 115
752 3850 861 3917 Epistes
879 3868 907 3917 03
925 3849 1057 3903 dilucidus
1075 3865 1136 3917 ego
1155 3864 1195 3903 ex

67 3933 189 3996 Diasc.,
208 3934 347 3990 delucidus
364 3954 415 4003 cp3
441 3966 472 3976 -
500 3937 535 3988 18
552 3936 702 4004 tepidorem
721 3954 748 3996 c;
774 3935 916 4002 inaquam
937 3936 970 3996 C;
997 3934 1150 4003 [liquc]fieri
1165 3953 1193 4002 p,

68 4019 171 4087 male,
190 4020 248 4075 cfr.
266 4022 480 4077 Diana-20
498 4020 624 4077 fluctibus
644 4023 678 4082 0;
696 4050 731 4061 —
753 4021 795 4072 21.
814 4021 856 4072 22
874 4019 940 4073 deus
957 4019 1089 4087 propitius
1111 4021 1143 4081 C;
1162 4047 1195 4060 ·-

66 4105 110 4157 22
128 4120 210 4172 quum
225 4125 252 4173 p.
