2866 4620
612 320 821 381 -75..

147 506 295 571 ἀνείρυσε
311 504 394 559 habet
410 519 470 559 cum
489 504 579 573 glossa
596 505 723 570 κρατεῖνς
741 501 898 571 κῃύακνέμεν
911 499 1030 554 Bernard
1049 498 1083 552 ud
1100 500 1193 554 Thom.
1206 500 1279 567 Mag.

148 608 177 663 p
192 592 274 649 iiia
293 589 442 659 Tyrvbitto
459 589 544 658 magis
562 587 687 657 placebat
704 586 899 650 μελεύακνέμεν
918 585 1012 639 codem
1029 601 1117 639 sensu.
1139 585 1277 640 Hermann

148 674 317 745 probabilius
333 690 393 731 case
410 675 591 737 existimabat,
607 668 788 740 verbom'quo
808 672 963 724 tirmiter
980 678 1114 733 tenere,
1133 685 1278 739 quamquo

150 775 288 827 curare,
312 775 434 817 cauere
456 759 602 826 indicetur,
625 759 742 827 positam
763 772 838 824 esse,
863 763 891 809 et
908 763 1052 824 praeterea
1073 755 1121 809 tali
1146 754 1204 809 loco
1225 769 1278 808 non

149 859 209 901 cusu
226 846 402 901 mutationem
419 846 578 912 faciendam,
597 846 647 899 uisi
666 860 735 913 quae
747 845 899 898 litterarum
915 842 1087 896 similitudine
1100 855 1158 895 sese
1172 846 1279 893 tueatur

149 928 227 983 dixit
253 928 344 997 Quare
357 932 516 994 ἀκταινίμεν
529 931 637 999 scripsit
655 930 752 984 collato
766 928 902 997 Hesychia
922 928 1070 979 ἀκταίνειν·
1089 926 1277 993 μετεωρίζειν.

149 1014 328 1069 ὰταίνοοσα·
346 1017 502 1084 τρέμουσα·
521 1017 538 1085 ἢ
557 1015 690 1081 ἀσφαλῶς
709 1017 852 1082 κρατοῦσα
871 1020 898 1066 ot
913 1013 1047 1080 Aeschylo
1066 1012 1093 1065 in
1105 1013 1183 1065 Eum.
1196 1015 1230 1065 ee
1242 1010 1278 1069 ὡς

148 1100 221 1171 μήτε
239 1103 349 1164 σωκεῖν,
365 1102 437 1170 μήτε
454 1103 487 1165 μ’
507 1101 641 1153 ἀκταίνειν
658 1100 751 1165 βάσιν.
781 1098 881 1152 Contra
894 1096 965 1150 Wiel
984 1114 1009 1164 p.
1022 1100 1068 1150 23:
1088 1095 1155 1149 »Sed
1175 1111 1209 1149 ne
1227 1094 1278 1149 hoc

150 1182 261 1253 quidam
277 1182 437 1239 uocabulum
456 1200 508 1238 uno
533 1183 592 1237 ioco
610 1184 753 1252 Aeschylio
777 1189 912 1236 servatum
933 1181 1049 1250 placebit
1068 1181 1206 1249 cuiquam,
1232 1181 1277 1248 qui

149 1282 233 1339 quum
253 1269 359 1323 incema
380 1270 415 1322 sit
438 1269 495 1323 aius
515 1268 673 1337 significatio
691 1268 864 1336 reputaverit.
900 1268 1086 1335 Cogitaveram
1104 1265 1138 1319 de
1157 1266 1274 1317 ἀλεεινὲ-

149 1372 217 1419 μενς
238 1370 311 1409 nunc
331 1355 448 1408 maxime
470 1355 571 1408 arridet
593 1355 711 1419 λσινὲμεν
736 1361 764 1406 et
785 1362 897 1422 propter
914 1352 1070 1407 mutationis
1092 1352 1231 1405 lenitatem
1249 1356 1276 1403 et

150 1439 300 1493 sententias
312 1438 533 1493 commoditatem.
564 1437 633 1492 Nam
650 1438 721 1506 qnod
735 1454 816 1506 saepo
828 1439 928 1493 iactum
941 1454 998 1491 esse
1011 1438 1139 1500 uidemus,
1161 1456 1170 1488 t
1187 1435 1278 1489 littera

151 1522 297 1593 absumpta
314 1530 356 1578 eat
374 1523 468 1577 eadem
487 1524 576 1577 littera
593 1525 714 1592 proxime
726 1525 815 1592 posita
832 1525 859 1577 in
879 1525 947 1594 νύῳ;
966 1523 1073 1577 fovendi
1091 1530 1277 1591 anteaquam

149 1608 233 1663 habet
244 1606 365 1670 λαινίμεν
379 1608 453 1662 notio
466 1623 546 1677 quam
561 1607 670 1675 egregio
689 1609 828 1661 conveniat
843 1624 903 1661 cum
915 1608 956 1674 iis,
969 1622 1038 1675 quoe
1051 1607 1077 1659 in
1092 1605 1274 1674 superioribus

150 1693 273 1747 versibus
293 1689 327 1746 de
349 1691 457 1745 siderite
479 1699 727 1760 commemorantur,
745 1693 909 1761 ἀλύήσασκε,
929 1694 1121 1761 ἀρεσσάμενος
1137 1692 1275 1756 θυέεσσιν,

146 1778 248 1850 χερσὶν
261 1777 319 1837 iaia
332 1777 458 1830 ἀτίταλλε
470 1794 523 1831 non
535 1784 577 1830 est
589 1777 660 1845 quod
670 1777 760 1831 multis
773 1794 961 1846 exponamus«.
973 1779 1092 1840 ἰαινέμεν
1103 1776 1210 1831 videtur
1221 1777 1274 1829 iam

149 1860 286 1917 Eucbeub.
305 1861 402 1931 legisse
421 1863 466 1931 qui
484 1863 565 1915 uertit
584 1863 723 1917 »fouere
743 1878 804 1916 eum
822 1878 951 1931 semper«.
986 1863 1106 1917 Foveudi
1125 1871 1213 1915 tannen
1231 1877 1277 1915 no·

151 1948 253 2001 tionem
271 1947 334 2001 huic
352 1947 410 2001 ioco
429 1949 516 2001 minus
539 1956 630 2016 aptam
651 1963 709 2001 esse
731 1963 841 2002 censens
866 1949 1007 2011 δινεοέμεν
1032 1948 1099 2001 coni.
1118 1944 1276 2001 Seidenadel

151 2033 208 2101 pi
226 2030 374 2099 eodemque
392 2047 471 2086 sensu
490 2048 540 2100 ego
553 2033 616 2086 olim
633 2033 666 2087 de
685 2032 825 2095 αλολλέμεν
841 2034 964 2100 cogitavi.
994 2033 1046 2087 Sed
1059 2049 1129 2087 nunc
1147 2032 1275 2083 ἐπακούε-

150 2134 202 2181 aaa
222 2116 321 2171 collato
341 2118 490 2169 ἐπακοῦσαι
508 2118 535 2171 in
553 2134 577 2172 r.
594 2122 652 2175 376.
677 2118 771 2186 scripsi
790 2133 824 2170 ex
842 2118 957 2171 Taetaae
976 2117 1086 2181 scholio,
1107 2116 1178 2186 quod
1198 2114 1233 2169 ad
1251 2130 1277 2168 v.

151 2207 204 2260 8θά
222 2203 310 2271 attuli,
329 2203 374 2257 ubi
390 2204 471 2256 verba
490 2204 557 2273 πλὴν
576 2205 657 2273 φησὶν
676 2204 713 2263 ὡς
725 2204 772 2255 ἐάν
786 2220 826 2262 τις
841 2202 890 2255 δαλ
908 2244 932 2256 ..
948 2241 974 2258 ..
991 2203 1060 2272 ρι’ςύῃ
1080 2201 1172 2261 αὐτόν,
1190 2200 1274 2267 μεγά-

150 2290 199 2361 λῃς
300 2288 472 2347 ἀποτεύξεται
497 2288 606 2360 βλάβης
711 2289 810 2349 ναίοις
832 2288 885 2339 καί
908 2288 1126 2358 τλῃκαράίως
1149 2304 1200 2346 τις
1223 2284 1277 2336 αύ-

151 2376 211 2428 τσύ
228 2374 454 2428 κατακούσειε
473 2374 529 2429 aine
548 2374 628 2428 dubio
647 2374 681 2428 ad
699 2374 771 2429 hunc
789 2389 894 2426 versum
912 2381 1044 2442 spectant,
1062 2373 1127 2427 licet
1145 2370 1276 2440 quomodo

151 2474 213 2515 cum
231 2457 455 2527 praeiacentibus
473 2466 501 2513 et
519 2458 692 2528 sequentibus
716 2459 778 2513 oiim
796 2458 978 2525 cohaeserint,
1002 2474 1073 2512 nunc
1094 2474 1146 2512 non
1163 2456 1277 2524 amplius

150 2543 246 2614 liquet
264 2542 355 2612 ipsum
370 2551 461 2598 autem
474 2544 614 2597 κατακούω
628 2543 786 2598 uocabulum
805 2549 846 2596 est
860 2543 942 2611 epicis
957 2560 1009 2596 non
1024 2544 1158 2596 usitatum.
1169 2572 1204 2582 —
1213 2543 1276 2594 382

151 2628 242 2689 πΐνςΡ
259 2628 356 2685 ait-
370 2631 433 2682 383
449 2631 478 2682 ἐκ
487 2630 574 2700 χερὸς
586 2629 661 2683 codd.
675 2636 703 2682 et
715 2629 773 2682 edd.
788 2634 850 2681 ante
863 2629 962 2693 Herna,
978 2630 1074 2699 χειρὸς
1086 2629 1153 2680 coni.
1163 2626 1277 2694 Tyruh,

148 2715 256 2785 χειρῶν
267 2714 399 2770 Schrader
408 2715 519 2769 Emend.
528 2715 617 2768 Praei.
625 2731 652 2782 p.
660 2715 722 2782 VII,
735 2715 806 2782 quod
819 2716 921 2782 recepit
932 2715 1014 2767 Herm
1034 2746 1064 2755 -
1079 2713 1160 2774 ούύας
1172 2715 1203 2766 ds
1214 2712 1276 2767 AM

150 2798 183 2867 Ρ,
191 2797 273 2859 οὖδας
285 2800 314 2852 δὲ
326 2800 357 2865 Β,
376 2801 459 2861 σύλας
477 2801 508 2852 δε
524 2816 548 2867 a,
567 2798 650 2859 ούάας
663 2799 692 2852 δὲ
705 2799 743 2861 ii;
763 2815 829 2853 corr.
842 2800 924 2867 Steph
942 2820 948 2860 t
970 2800 1052 2866 ἁγνὸν
1066 2800 1100 2861 Β;
1119 2799 1211 2869 ὀρίνῃς
1223 2798 1277 2851 ΑΒ

151 2882 280 2937 meru.
298 2899 324 2952 a,
348 2885 442 2955 ὀρίνῃς
459 2885 493 2952 V,
511 2884 603 2951 λρίνος
619 2883 658 2951 ii,
683 2884 761 2955 ὀρίνῃ
782 2885 873 2953 Steph.
893 2892 920 2938 et
939 2884 997 2937 edd.
1016 2892 1078 2937 unte
1096 2884 1209 2953 Tyrwh,
1231 2884 1277 2954 qui

151 2970 249 3041 ὀρίνῃς
272 2986 305 3025 ox
327 2972 349 3025 P
372 2971 488 3025 reduxit.
511 3002 544 3011 -
571 2972 635 3023 384
659 2971 784 3039 ἐρεείνῃν
803 2972 825 3023 Ρ
848 2976 911 3023 ante
935 2986 1017 3037 cora,
1040 2969 1148 3037 ἐξερὲει
1166 2969 1232 3022 AM
1250 2975 1278 3023 et

152 3052 248 3108 Herm.
265 3069 299 3106 ex
318 3054 384 3109 coni.
403 3060 443 3121 (et
460 3062 608 3122 exponet
626 3063 744 3109 verterat
756 3055 915 3122 Eschenb.),
936 3054 1037 3124 ἐξερὲῃ
1051 3056 1120 3123 (-ε’ῃ)
1132 3054 1188 3107 rell.
1202 3053 1277 3108 codd.

151 3144 182 3193 et
198 3137 268 3208 edd,
285 3140 337 3194 nisi
355 3139 426 3208 quod
443 3139 558 3209 ἐξερέῃν
577 3141 701 3209 ὴμερτέα
719 3140 749 3193 B.
770 3170 799 3179 -
820 3140 882 3192 386
903 3139 998 3209 λήγῃσκ
1016 3142 1049 3205 Α,
1067 3139 1165 3208 λύσήσκ
1184 3140 1215 3199 Β,
1234 3138 1277 3188 λύ-

152 3241 218 3295 aaut
234 3223 327 3277 MPV
346 3231 374 3277 et
392 3224 451 3277 edd.
470 3230 532 3277 ante
556 3223 659 3291 Steph,
683 3223 783 3293 λύσῃσι
802 3224 868 3285 Ραλ.,
892 3224 994 3294 λούσῃς
1010 3241 1043 3291 γε
1062 3224 1152 3290 Steph.
1173 3228 1200 3274 et
1218 3221 1275 3275 rell.

152 3305 214 3363 edd.
233 3322 267 3362 cx
285 3324 309 3363 u.
327 3312 386 3371 369,
406 3315 436 3362 ut
453 3308 566 3362 videtur.
603 3310 628 3361 Α
645 3308 706 3362 libri
724 3310 885 3377 scripturam
909 3324 943 3361 ex
961 3310 1077 3362 Taetzac
1101 3307 1201 3362 scholio
1225 3307 1277 3361 ianr

150 3406 234 3462 saepo
251 3400 398 3447 memorato
417 3393 598 3463 (λήγοντος
615 3391 666 3463 ἤδη
684 3397 735 3444 πού
753 3394 854 3461 λέγειν)
869 3394 972 3448 firmavi
985 3394 1011 3447 iu
1024 3394 1110 3462 Epist.
1124 3410 1150 3461 p.
1166 3398 1203 3448 13.
1234 3393 1277 3447 Ex

151 3474 247 3533 eudem
265 3478 366 3533 scholio
384 3485 465 3546 atque
484 3494 518 3531 ex
536 3479 720 3546 epitomatoris
734 3478 822 3532 verbis
839 3480 909 3546 πρὸς
921 3481 952 3531 τὸ
965 3480 1044 3538 τέλος
1056 3477 1193 3546 proiectus
1206 3477 1275 3530 Wiel

150 3578 177 3631 p.
192 3566 227 3617 28
244 3563 311 3619 haec
322 3570 447 3618 annotat:
467 3562 559 3618 »Unde
578 3563 642 3631 quid
660 3563 767 3626 certius,
785 3580 864 3631 qnam
882 3571 990 3633 poetam
1009 3564 1146 3632 scripsisse
1164 3564 1212 3615 ὅτε
1230 3580 1276 3613 κεν

151 3644 295 3718 παύσῃσιλ
329 3648 441 3703 Poterat
463 3649 545 3702 etiam
568 3648 661 3718 παύύῃ
680 3665 722 3715 γε.
758 3648 809 3702 Sed
829 3656 858 3702 ut
875 3667 908 3717 γε
926 3651 1059 3717 particula
1078 3650 1130 3702 hoc
1149 3648 1207 3702 loco
1225 3663 1278 3701 non

150 3740 219 3801 apta
237 3732 392 3801 evitaretur,
410 3734 475 3788 iilud
493 3734 699 3802 praeferendum
712 3734 788 3797 duxi,
808 3735 903 3786 παύειν
917 3736 987 3788 cuim
999 3735 1080 3787 otiam
1092 3734 1181 3786 activa
1192 3733 1278 3787 forma

150 3832 222 3885 eum,
240 3833 320 3887 quam
337 3819 454 3873 medium
472 3819 618 3884 παύεσθαι,
643 3817 780 3871 desinendi
797 3820 931 3873 notionem
955 3820 1055 3871 trabere
1076 3819 1199 3887 exempla
1216 3825 1279 3872 sunt

150 3902 220 3957 sutis
236 3902 413 3973 frequentia«.
436 3934 471 3945 -
498 3904 620 3964 πελάσας
637 3903 823 3959 ABPPotv
840 3906 902 3970 aii,
927 3906 1066 3964 πελάσσας
1084 3905 1122 3972 M,
1141 3905 1233 3972 Steph.
1251 3914 1278 3959 et

150 3986 210 4041 reli.
233 3987 293 4043 cdd.
320 4017 352 4029 -
380 3989 444 4041 388
463 3988 517 4040 ὧδε
535 3989 612 4043 codd,
630 3996 657 4043 et
681 3988 755 4052 edd,
784 3992 855 4057 τῷδε
878 3998 941 4058 apte
965 3990 1032 4045 coni.
1051 3990 1142 4044 Herm.
1160 3991 1187 4044 in
1206 3997 1278 4056 nota,

154 4077 203 4127 »ut
214 4073 394 4141 coniungatur
406 4088 465 4127 cum
477 4073 623 4143 φοιβήτορι
635 4074 686 4129 λᾶϊ,
714 4074 802 4128 Huic
813 4074 922 4142 lapidi
941 4074 1097 4143 fatidico;
1116 4092 1168 4130 non
1181 4075 1278 4129 terri-
