2866 4620
581 316 791 380 ...20-

322 501 378 566 σύν
401 500 437 563 δέ
461 524 534 586 σφιν
559 503 606 563 καὶ
628 501 711 565 τώδε
734 501 976 586 δρακοντοφόνω
1000 501 1071 565 κύνε
1093 502 1206 592 βητην

322 609 500 695 αύτομάτω·
524 612 656 699 γλυκερὴ
679 611 715 674 δὲ
737 611 820 675 πέλει
843 613 913 695 περὶ
935 612 1046 694 βωμὸν
1070 612 1212 689 ἄνακτος

239 739 288 792 100
324 722 475 808 τερπωλη,
494 723 629 808 χλοερόν
653 744 686 785 τε
709 721 811 800 πέδον,
833 720 969 804 μαλακαί
991 719 1015 784 τ’
1041 719 1090 784 ἐπι
1115 728 1219 804 ποῖαι,

322 833 370 894 καί
391 830 509 905 λασίοις
525 831 685 918 πτελέησιν
701 831 760 894 ἄπο
783 833 870 918 σκιή·
892 831 961 918 ἄγχι
984 830 1012 893 δ’
1038 831 1094 914 ἄρ’
1119 833 1233 897 αὐτῶν

147 961 219 1026 (100)
324 941 411 1027 ύδωρ
435 939 549 1005 ἀέναον
571 943 680 1030 λισσῆς
703 943 760 1004 ὑπὸ
785 941 915 1023 πυθμένι
939 941 1054 1028 πέτρης

322 1052 429 1114 λευκὸν
451 1049 628 1132 ἄναβλύζον
651 1051 855 1135 κελαρύζετυι
878 1050 994 1114 εἴκελον
1019 1049 1102 1137 ᾠδῇ.

325 1160 427 1244 ἴομεν·
451 1160 534 1225 ούτοι
557 1161 647 1224 δαῖτα
669 1161 755 1226 θεῶν
779 1160 867 1244 θέμις
890 1157 1098 1248 ἀρνήσασθαι.

239 1291 288 1344 105
358 1269 413 1346 Ὣς
428 1271 562 1359 ἐφάμην.
587 1273 603 1335 θ
620 1272 657 1336 δέ
676 1271 782 1354 μ’ὧδε
798 1267 961 1358 προσηύδα
978 1271 1140 1353 δαιμόνιος
1156 1276 1253 1356 φώς·

319 1379 404 1444 Ἀλλά
428 1405 463 1444 σε
484 1383 542 1463 μέν
565 1382 676 1465 κρείων
699 1381 936 1467 Φαεσίυβρυτος
959 1381 997 1454 ἐξ
1017 1379 1178 1469 ἀλεγεινῆς

148 1509 220 1573 (105)
323 1488 391 1553 αἴέν
412 1491 481 1573 ἄγιιι
504 1491 679 1578 κακότητος,
702 1491 887 1576 ἀδακρύτοιό
910 1515 942 1554 τε
967 1491 1077 1574 πέμποι

324 1592 422 1682 ἄλβου
445 1604 523 1683 πρὸς
542 1600 624 1683 μέγα
647 1600 738 1684 δῶμα
760 1601 995 1688 φιλοφροσύνης
1018 1600 1106 1663 ἕνεκα
1133 1608 1235 1688 σφῆς.

325 1709 399 1772 ούδέ
419 1710 476 1791 μὲν
499 1710 572 1773 ούδέ
596 1709 696 1793 σ’ἐγω
721 1734 779 1796 περ
803 1709 939 1797 ἀμοιβῆς
961 1711 1054 1785 αὐτὸς
1076 1707 1230 1794 ἄμέρσω·

244 1837 293 1891 170
328 1817 393 1882 ἀλλ’
418 1819 483 1881 ἐπεῖ
505 1817 560 1882 οὖν
583 1820 667 1893 ἄξων
689 1822 810 1906 ίερηῖον
834 1820 1068 1902 εἴσαναβαῖνεις,

326 1928 413 2020 ὄφρα
437 1957 482 1996 τοι
506 1931 681 2018 εύχομένοιο
706 1926 786 1994 κλύοι
810 1929 894 2009 θεάς,
918 1929 1102 2012 ἐγγυαλίξω.

153 2064 226 2130 (170)
373 2042 571 2127 Κρύσταλλον
594 2039 754 2125 φαέθοντα
778 2041 906 2122 διαυγέα
929 2038 1020 2114 λάζευ
1038 2041 1132 2127 χερσὶ

326 2157 412 2232 λιῖαν,
436 2148 608 2235 ἀπόρροιαν
631 2151 837 2235 πυριφεγγέος
860 2147 1025 2235 ἀμβρότου
1050 2149 1175 2235 αἴγλης·

327 2261 413 2328 αἴθεῖ
435 2261 462 2326 δ’
472 2260 637 2326 ἀθανάτων
658 2260 739 2342 μέγα
763 2261 905 2344 τέρπεται
928 2261 1059 2343 ἄφθιτον
1083 2259 1181 2346 ἦτορ·

245 2391 293 2447 175
329 2374 381 2439 τόν
404 2372 429 2436 κ’
438 2372 524 2455 εἴπερ
545 2372 625 2452 μετὰ
641 2374 753 2459 χεῖρας
775 2368 854 2458 ἔχων
878 2372 962 2454 παρὰ
986 2372 1058 2456 νηὸν
1082 2369 1174 2455 ἵκηαι,

328 2483 410 2560 ούτις
433 2507 478 2546 τοι
498 2480 651 2565 μακάρων
673 2480 844 2568 ἀρνήσεται
867 2480 1029 2568 εὐχωλῇσι.

153 2615 225 2681 (115)
328 2592 449 2658 κέκλυθι
472 2586 594 2678 δ’ύφρα
614 2590 727 2675 μάθιιις
747 2591 842 2676 μένος
865 2590 1028 2676 ἀργεννοῖο
1052 2587 1160 2652 λίθοιο.

329 2707 356 2768 εἴ
371 2705 430 2786 γὰρ
446 2703 522 2786 ἄτερ
537 2705 691 2786 κρατεροῦ
708 2700 829 2777 ἐθέλοις
844 2704 942 2784 πυρὸς
957 2701 992 2763 ἐκ
1007 2699 1126 2785 φλόγας
1143 2693 1252 2782 ἀρσαι,

330 2813 471 2894 κέκλομαι
493 2811 634 2873 αύαλέων
656 2834 707 2891 μιν
730 2809 807 2894 ὑπὲρ
830 2808 946 2871 δαΐδων
969 2809 1167 2872 καταθεῖναι·

248 2941 297 2992 180
331 2920 429 3004 αύτᾶρ
452 2918 497 3002 ἄγ’
521 2918 624 3006 ἠελίου
647 2917 839 2981 κατεναντίον
863 2917 1048 2999 αύγάζοντος

328 3029 422 3117 αὐτίχ’
445 3028 523 3112 ὑπὲρ
546 3026 662 3091 δαΐδων
685 3025 788 3115 ὀλίγην
812 3027 917 3092 ἀκτῖνα
939 3028 1093 3092 τανύσσει.

154 3161 228 3228 (180)
329 3142 349 3228 ἦ
372 3139 404 3202 δ’
429 3129 482 3203 άτε
505 3139 684 3226 καρφαλέης
706 3162 739 3202 τε
763 3136 833 3225 θίγη
857 3139 905 3201 καῖ
929 3137 1032 3214 πίονος
1054 3137 1137 3222 ύλης,

329 3248 453 3331 καπνόν,
476 3247 579 3312 ἔπειτα
603 3250 639 3312 δὲ
655 3253 715 3334 πῦρ
736 3248 846 3331 ύλίγον,
868 3248 1000 3333 μετᾶδέ
1016 3248 1117 3333 φλόγα
1133 3249 1251 3338 πολλὴν

331 3355 435 3449 ἄρσει·
460 3361 512 3446 τὴν
535 3355 561 3421 δ
570 3359 632 3443 ἄρα
655 3361 731 3444 φασῖ
754 3359 951 3441 παλαιγενέες
973 3359 1057 3440 ίερὸν
1080 3360 1151 3438 πῦρ.

250 3492 297 3544 185
333 3469 417 3534 τάων
440 3470 495 3558 οὐχ
517 3469 628 3556 ἑτέρης
647 3472 763 3552 μᾶλλον
787 3471 902 3552 φλογός
925 3467 1030 3550 ἔλπομ’
1055 3465 1154 3547 ἐγωγε

334 3579 501 3655 ἀθανάτοις
524 3579 607 3643 ούτω
629 3581 834 3667 κεχαρισμένα
855 3580 952 3665 μηρία
976 3577 1077 3639 καίειν.

154 3711 227 3776 (185)
330 3693 409 3777 πρὸς
420 3689 499 3753 δ’έτι
512 3714 556 3752 τοι
568 3692 617 3753 καῖ
630 3694 728 3768 τοῦτο,
745 3689 842 3774 φίλος,
857 3687 939 3770 μέγα
952 3683 1058 3768 θαῦμα
1071 3683 1249 3770 πιφαύσκω·

330 3802 422 3864 αύτύν
444 3802 507 3874 ύτις
530 3799 653 3862 πέλεται
675 3801 790 3884 φλογὸς
812 3797 917 3875 αἴτιος,
940 3793 1005 3858 αἴκε
1026 3790 1103 3879 μάλ’
1127 3794 1193 3858 ὦκα

330 3912 366 3974 ἐκ
387 3913 484 3995 πυρὸς
507 3899 661 3995 ἁρπᾶξης,
685 3908 804 3994 ψυχρὸς
826 3905 910 3970 πέλει
933 3904 1182 3990 ἀμφαφάασθαι,

249 4040 297 4092 180
332 4019 411 4106 ἀμφὶ
433 4021 469 4085 δὲ
491 4022 539 4084 καῖ
562 4026 703 4104 νεφροῖσι
726 4017 831 4094 δεθεὶς
854 4017 1005 4100 κάμνοντα
1028 4018 1154 4080 σαώσει.
