2866 4620
597 326 808 390 „88-

143 512 237 582 dorin
254 510 329 566 Obss.
348 527 375 579 p.
387 511 421 565 77
440 516 468 563 et
484 511 513 564 in
529 508 642 563 Emend.
655 509 744 563 Praei.
753 525 780 578 p.
792 509 869 576 LV13
886 509 915 561 δ’
933 506 995 578 dora
1013 509 1080 564 coni
1097 511 1202 577 Perdr.‚
1219 510 1263 578 qui

143 596 225 653 vertit
238 595 399 663 iucunda,
418 595 496 664 οήοισ
508 594 585 649 codd.
597 593 664 648 dett.
675 594 720 663 (δή
733 580 776 646 dea
788 593 823 658 V)
835 595 896 662 cii,
915 597 942 648 δ’
959 595 1012 648 ἰδία
1027 595 1119 664 Steph
1130 595 1261 651 Eschenb.

143 682 233 745 Gesn,
251 679 362 735 solida
379 678 511 734 Escbenb.
530 681 558 733 iu
573 679 703 734 versione.
716 710 748 720 -
770 682 834 733 534
851 682 954 750 βήσατ’
974 683 1009 751 [Δ
1018 682 1059 752 Μ]
1079 688 1108 736 et
1125 680 1186 735 edd
1203 688 1264 750 post

143 766 250 834 Steph„
271 765 390 835 βήσεται
411 764 466 832 ἐγὼ
490 764 518 815 δ’
537 763 689 817 BPPal.V
706 765 769 831 ait}
791 763 845 817 οἶδ’
863 765 903 818 ὅτι
927 766 1003 820 codd.
1021 772 1050 820 et
1075 766 1135 820 edd.
1154 765 1226 834 (οἶδα
1241 766 1263 819 Β

143 859 207 905 ante
225 855 317 918 corr),
335 849 396 903 οἴδα
413 851 443 902 τί
456 855 530 904 recte
548 849 616 903 coni.
634 848 706 902 Wiel
723 864 750 917 p.
768 853 799 912 6,
817 855 848 903 ut
865 850 982 905 evitetur
998 851 1087 918 elisio,
1106 866 1187 919 qnam
1204 856 1265 918 post

143 935 218 990 tertii
241 935 319 1003 pedis
340 934 421 988 arsim
443 933 472 988 in
489 939 547 988 toto
571 934 688 988 carmine
711 949 843 1002 nusquam
865 933 972 988 admisit
994 940 1083 1003 pocta
1106 934 1264 989 Seidencdel

143 1038 170 1089 p.
188 1023 204 1077 7
222 1035 329 1074 versum
346 1020 385 1074 sic
403 1019 575 1073 emendatum
591 1018 672 1073 scribi
689 1018 746 1072 vult
769 1018 901 1089 βήσεται·
920 1022 959 1089 τῷ
981 1021 1010 1071 δ’
1031 1019 1121 1089 [sicit]
1138 1020 1189 1072 οὐκ
1206 1019 1265 1072 οἴδα

144 1106 174 1159 τί
187 1123 235 1170 μοι
252 1105 405 1175 θέλγητρον
424 1105 523 1173 ἰδόντι,
546 1103 593 1158 ubi
610 1103 700 1158 nescio
722 1119 756 1157 on
775 1104 933 1172 typothetae
950 1118 1025 1158 error
1041 1104 1069 1157 in
1089 1104 1210 1174 βήσεται
1227 1110 1265 1176 τῷ

145 1191 239 1254 lateat,
257 1190 333 1245 addit
344 1190 420 1247 ,enim
439 1192 491 1244 »So
509 1190 545 1244 ist
560 1189 619 1244 eine
631 1190 867 1258 Apostrophirung
880 1188 1005 1258 moriger,
1022 1188 1123 1242 welche
1140 1189 1184 1244 die
1202 1189 1265 1259 Spo-

145 1284 223 1331 teren
234 1274 378 1343 moglichst
388 1275 554 1337 vermeiden;
574 1274 617 1328 die
635 1274 856 1328 trochaische
874 1274 978 1328 Gasur
994 1273 1060 1327 aber
1076 1274 1113 1326 ist
1129 1273 1173 1328 bei
1190 1289 1266 1329 unse·

143 1377 202 1416 rem
212 1360 324 1415 Dichter
340 1359 487 1426 htufigeru.
524 1359 651 1413 Fortasse
669 1358 753 1426 igitur
769 1373 823 1412 non
839 1358 891 1411 nisi
909 1356 965 1410 οἵδ’
983 1359 1024 1410 ὅτι
1041 1358 1070 1411 in
1087 1356 1150 1410 οἴδα
1168 1359 1196 1412 τί
1210 1374 1265 1413 mu·

144 1452 203 1500 tare
219 1446 311 1500 voluit.
323 1475 357 1486 -
368 1461 415 1508 μοι
432 1461 483 1499 om.
495 1443 560 1499 BV.
572 1475 602 1485 -
618 1446 775 1516 θέλγήθρον
788 1445 821 1498 Δ.
835 1475 865 1483 -
882 1444 945 1496 536
964 1443 1090 1495 δύνανται
1102 1445 1138 1511 Α,
1156 1443 1266 1496 δύναται

144 1531 177 1584 V.
195 1558 228 1570 -
247 1531 310 1582 536
330 1532 398 1583 ὄσσε
416 1529 454 1597 Β;
472 1530 614 1593 θειομὲνου
632 1531 667 1595 Α,
691 1529 839 1592 θειωμένον
858 1528 896 1595 Μ,
919 1528 1059 1591 θεωμένου
1076 1527 1139 1590 ΒΡ,
1159 1532 1188 1581 st
1206 1527 1265 1584 edd.

144 1619 209 1669 ante
226 1615 327 1678 Herm,
345 1616 499 1685 θήωμένοο,
518 1621 548 1667 ut
566 1615 633 1668 coni.
652 1614 762 1680 Gesner,
780 1614 882 1667 habent
898 1612 1003 1676 Pal.V;
1022 1613 1194 1676 τεθεαμένον
1212 1629 1267 1668 ma·

145 1699 196 1753 luit
213 1699 326 1768 Tyrwh.‚
345 1700 496 1769 θήευμὲνου
514 1699 621 1767 scripsit
632 1699 725 1756 Herm.
739 1698 836 1752 colluto
848 1698 997 1766 Hesychioz
1015 1696 1180 1766 θηεύμενοι·
1197 1701 1266 1754 θεια·

144 1787 269 1855 ροῦντες.
290 1814 325 1824 -
349 1784 418 1836 ἀλλά
435 1802 471 1848 με
494 1785 519 1837 Α
529 1783 590 1837 MP
608 1785 670 1852 aii,
692 1784 759 1836 otta
776 1801 811 1847 με
829 1783 852 1836 B
861 1783 918 1837 Pal.
927 1781 966 1851 V,
983 1782 1052 1836 ottus
1068 1801 1102 1852 γε
1126 1784 1219 1853 Steph.
1239 1793 1266 1840 ot

144 1870 204 1924 rell.
221 1871 281 1925 edd.
300 1876 363 1924 ante
380 1871 481 1938 Herm,
499 1871 546 1939 qui
565 1870 634 1923 ἀλλά
650 1888 686 1934 με
704 1869 819 1923 reduxit.
836 1899 871 1910 -
889 1869 997 1934 τάμβος
1012 1870 1044 1922 Β.
1062 1899 1095 1911 -
1114 1869 1178 1922 537
1194 1871 1266 1922 δεύε-

146 1973 191 2008 ται
202 1956 231 2007 ἐν
244 1975 285 2008 στ.
298 1959 331 2021 Δ,
350 1955 421 2009 unde
440 1956 551 2010 σεύεται
563 1955 592 2006 ἐν
611 1953 779 2010 scribendum
797 1969 855 2008 esse
873 1953 930 2008 dixi
947 1954 974 2006 in
985 1952 1072 2022 Epist.
1085 1969 1112 2021 p.
1128 1958 1169 2018 15,
1188 1954 1267 2026 σεθή·

146 2055 191 2094 ται
206 2060 247 2094 στ.
266 2040 342 2094 codd.
361 2040 427 2095 dett.
445 2046 473 2093 et
491 2040 548 2094 edd.
568 2046 631 2093 unte
649 2039 750 2106 Steph,
769 2039 815 2107 qui
832 2038 928 2092 σεύετ’
947 2037 987 2090 ἐνὶ
1004 2057 1045 2090 στ.
1063 2038 1155 2093 edidit.
1175 2040 1265 2096 Hem.

147 2125 224 2178 σεύει
242 2126 282 2177 ἐνὶ
301 2145 344 2179 στ.
357 2125 475 2193 scripsit3
493 2124 617 2187 ὀϊόμενον
631 2126 666 2192 A,
677 2123 809 2177 Eschenb.
827 2123 1006 2177 inversione:
1025 2123 1267 2189 arbitrantem,

147 2215 175 2263 et
186 2210 278 2263 Herm.
290 2203 325 2262 cx
337 2209 419 2276 coni.;
436 2211 561 2272 οἰομένου
574 2209 674 2275 ΒΜ,Ρ
687 2214 750 2262 ante
763 2225 838 2277 corn,
850 2207 907 2261 Pal.
917 2207 956 2274 V;
975 2207 1097 2274 ὀΐομένευ
1116 2211 1161 2272 ai,
1180 2210 1264 2274 ὀϊομέ·

148 2311 194 2346 ιευ
213 2293 226 2346 i
241 2299 270 2347 et
286 2294 342 2347 rell.
362 2301 425 2348 ente
442 2295 543 2356 Herm,
568 2295 683 2357 ὀϊομένω
700 2295 723 2347 Ρ
740 2301 803 2361 post
820 2310 887 2348 corr.
914 2293 982 2348 »Sed
999 2308 1094 2348 vereor
1111 2300 1142 2347 ut
1159 2294 1268 2360 θάμβος

68 2421 71 2425 ,
146 2395 182 2442 με
201 2378 276 2432 aeder
296 2379 336 2431 eui
354 2379 505 2447 στέρνοισιν
525 2393 622 2447 graece
639 2380 746 2432 omnino
765 2379 817 2432 dici
835 2379 933 2447 possit;
958 2379 1094 2447 epicorum
1113 2384 1267 2432 certemus

147 2463 244 2518 obstat.
279 2464 425 2518 Praeterea
440 2464 468 2517 in
487 2480 541 2532 qua
558 2478 649 2516 omnes
667 2463 728 2516 libri
751 2464 920 2517 consentiunt
943 2464 1051 2531 passiva
1072 2463 1160 2516 forma
1188 2464 1212 2532 [7
1229 2468 1269 2517 est

147 2550 238 2617 potius
255 2549 354 2617 media]
373 2549 467 2603 vitium
484 2548 548 2602 alibi
567 2548 749 2618 quaerendum
766 2548 848 2602 fuisse
866 2548 985 2602 indicare
1003 2547 1116 2602 ridetur.
1148 2547 1268 2602 Scriben-

148 2633 212 2687 dum
223 2640 264 2687 est
275 2634 337 2686 ἀλλ’
357 2634 413 2697 ἅμα
425 2634 512 2697 θυμὸς
530 2633 642 2686 σεύεται
659 2635 688 2684 έν
708 2634 860 2701 στέρνοισιν
880 2634 1004 2698 ὀϊομένοο
1022 2632 1106 2699 τέρας
1124 2631 1203 2696 εἶναι,
1221 2637 1267 2686 aut

149 2722 263 2770 στεῦται
280 2718 321 2770 ἐνὶ
338 2719 409 2786 quod
427 2718 535 2788 quidem
552 2723 583 2771 ut
600 2717 688 2771 rarius
700 2724 836 2786 repertum
853 2731 934 2784 saepe
951 2733 969 2770 α
985 2716 1101 2770 librariis
1113 2722 1268 2784 corruptum

149 2799 310 2855 cotewiel
324 2818 351 2868 p.
361 2806 402 2856 31.
412 2806 452 2856 32.
473 2833 507 2843 —
525 2803 588 2855 538
606 2803 705 2857 citatur
719 2802 747 2855 in
766 2817 839 2856 exce.
857 2801 930 2855 Vatt.
942 2833 976 2841 -
988 2819 1032 2864 μιν
1049 2799 1125 2856 codd.
1140 2816 1232 2856 omnes
1243 2807 1269 2856 et

149 2883 208 2938 edd.
227 2891 290 2938 ante
308 2885 413 2949 Herm,
433 2887 478 2954 qui
501 2887 582 2954 »qnid
599 2887 684 2939 ἕολπά
699 2905 760 2951 μινι
780 2887 815 2940 sit
833 2900 980 2955 quaerens,
997 2886 1047 2948 μὲν
1066 2885 1218 2954 substituit,
1243 2891 1269 2939 et

148 2966 227 3020 simul
244 2974 386 3035 punctum,
410 2970 482 3036 quod
506 2978 565 3023 eret
582 2977 644 3038 post
661 2969 786 3036 ἄπιστον,
811 2971 839 3024 in
862 2971 939 3025 colon
962 2970 1077 3024 mutarit
1100 2970 1158 3023 sine
1182 2985 1269 3024 eausa.

150 3052 223 3107 Wiel
239 3069 266 3121 p.
284 3056 319 3107 32
336 3059 478 3121 postquam
501 3055 583 3108 etiam
600 3056 764 3110 trochaicam
786 3056 813 3109 in
832 3062 927 3124 quarto
945 3056 1014 3124 pede
1037 3070 1177 3110 caesuram
1199 3054 1270 3123 apud

148 3142 269 3192 nostrum
289 3138 432 3192 admodum
448 3155 537 3194 raram
554 3155 612 3194 esse
630 3143 741 3209 monuit,
759 3143 797 3196 sic
814 3143 916 3210 pergit:
944 3141 997 3194 »Et
1014 3142 1066 3196 hoc
1084 3142 1193 3210 quidem
1211 3143 1269 3197 loco

148 3231 259 3292 praeter
283 3224 363 3278 istam
390 3239 528 3278 caesuram
554 3226 637 3280 totius
663 3227 813 3280 sententiae
837 3227 907 3280 ratio
934 3226 1101 3280 incommoda
1130 3234 1185 3295 est,
1217 3241 1269 3295 qua

148 3312 231 3375 poeta
247 3315 390 3377 postquem
409 3309 485 3376 dixit,
509 3310 698 3379 quodlicet
716 3312 847 3366 credam
868 3310 1072 3365 incredibile
1091 3316 1204 3387 tamen
1222 3312 1268 3366 vi·

150 3393 262 3460 detur,
278 3394 368 3446 stetim
385 3408 415 3446 se
432 3395 490 3462 ipse
509 3396 645 3463 corrigens
657 3396 695 3450 sic
705 3397 809 3465 pergit:
827 3402 861 3450 at
878 3411 954 3450 vero
974 3395 1014 3449 de
1032 3396 1200 3463 Gorgonis
1218 3411 1268 3450 ca·

149 3476 222 3544 pite
240 3483 273 3530 et
290 3477 329 3532 de
346 3479 472 3534 Perseo
490 3495 575 3548 quae
592 3479 1268 3546 ferunturnonsuntislsaexistimanda,

149 3575 219 3629 quae
235 3562 324 3618 minus
340 3563 409 3618 bene
426 3564 490 3634 [77]
510 3580 581 3619 nexa
592 3570 662 3632 sunt,
681 3581 761 3634 quum
774 3567 796 3619 si
809 3565 948 3633 scripseris
965 3567 1012 3617 καί
1026 3584 1067 3617 τοι
1084 3566 1270 3633 πιστεύοντες,

149 3644 287 3712 dolrem
300 3647 375 3700 ,εἴναι
393 3648 522 3713 ἄπιστον,
545 3666 598 3718 qno
616 3650 696 3703 etiam
715 3652 742 3703 oi
759 3651 888 3718 evitetur,
912 3649 944 3702 de
963 3666 1015 3718 quo
1037 3649 1102 3718 quid
1119 3650 1271 3705 faciendum

150 3727 196 3798 eie,
211 3731 258 3785 vix
273 3732 440 3802 intelligitur.
457 3735 483 3801 [7
501 3736 552 3788 Est
563 3735 732 3788 referendum
749 3735 784 3789 ad
802 3736 886 3804 τέρας
902 3735 930 3787 in
944 3751 968 3787 v.
981 3736 1052 3801 5371.
1081 3734 1178 3802 Itaque
1190 3750 1272 3804 quum

150 3811 272 3871 maus
287 3834 342 3874 non
360 3820 475 3888 amphus
493 3821 526 3875 de
544 3835 573 3874 se
592 3821 647 3876 solo
665 3823 799 3891 loquutur,
818 3822 865 3876 sed
881 3837 935 3875 una
950 3821 1084 3888 intelliget
1096 3820 1272 3885 Philocteteo,

150 3901 355 3967 (lucemburc
376 3921 525 3961 sermonem
547 3907 664 3960 instituit
688 3906 854 3962 commodum
876 3905 1018 3958 transitum
1035 3904 1128 3972 purari
1144 3904 1221 3958 rides
1239 3902 1273 3957 ad

150 3985 332 4041 mintionem
348 3997 512 4058 sequentem.
544 3992 582 4046 Et
598 3992 762 4046 intellexisse
779 3998 888 4059 poetam
905 3997 1048 4058 utrumque
1066 3989 1124 4043 veri
1142 3986 1173 4041 fit
1193 3986 1272 4042 simil·

151 4061 244 4123 dnum
261 4085 278 4125 ο
293 4087 373 4128 versu
389 4077 440 4131 627
460 4076 554 4146 [vulp]
580 4077 660 4144 paulo
686 4076 862 4131 antecedente
880 4079 908 4128 et
926 4090 941 4128 e
958 4091 983 4127 v.
1000 4078 1051 4128 536
1071 4071 1164 4141 [vulp]
1189 4084 1273 4140 prope
