2866 4620
642 297 876 362 -178-

467 516 584 581 XVIII.
609 515 730 598 Lapis
752 515 1052 600 Odontolyoius

283 650 485 733 Odoutolveii
506 650 542 714 id
564 658 614 716 est
636 651 703 734 lupi
725 651 854 730 dentes,
884 651 1033 734 prosperi
1062 656 1138 714 sunt
1164 658 1199 716 et
1229 654 1335 720 utiles

196 751 354 816 militibus
374 760 408 816 et
428 752 634 817 venatoribus
660 761 694 816 et
714 774 831 835 rapere
861 752 982 836 aliquid
1003 752 1183 818 volentibus
1209 763 1246 819 et
1266 779 1334 840 per

197 875 317 937 aquam
332 854 549 919 divinantibus
571 864 629 918 aut
642 875 701 936 per
719 875 846 918 sensum
866 853 1046 933 divinalem,
1068 856 1194 937 positus
1208 857 1333 925 subtus

195 954 298 1021 fundo
326 956 448 1039 scyphi.
499 957 561 1021 Pto
588 956 791 1021 firmamento
817 956 994 1021 infantibus
1023 963 1166 1021 tutamen
1192 959 1366 1028 firmum5

194 1060 338 1143 praebet.
375 1061 453 1144 Apti
475 1068 549 1124 sunt
570 1068 678 1124 autem
700 1060 839 1123 maxime
859 1059 991 1138 furibus,
1015 1060 1070 1142 qui
1090 1059 1198 1124 aliena
1220 1063 1332 1129 furari

195 1162 337 1244 eupiunt.

499 1297 585 1362 XIX.
607 1297 735 1380 Lapis
763 1299 1009 1365 Aleotoriua

280 1450 461 1515 Alectorius
481 1471 557 1514 vero
579 1450 663 1533 lapis
684 1451 843 1515 invenitur
870 1452 904 1515 in
926 1452 1106 1517 ventriculis
1135 1454 1329 1536 gallinamo·

192 1573 280 1629 rum,
314 1553 410 1617 modo
439 1553 551 1631 tabae,
584 1553 773 1634 crystallina
800 1555 907 1634 speeie
936 1562 993 1617 aut
1020 1574 1126 1636 aquae
1154 1555 1326 1654 limpidae.
1347 1584 1380 1635 10

192 1654 288 1718 Hunc
308 1654 450 1737 lapidem
472 1655 528 1737 qui
548 1661 668 1736 portat,
695 1655 831 1719 invictus
853 1656 915 1720 erit
937 1656 980 1719 ab
1002 1656 1089 1719 omni
1108 1655 1250 1736 bomine,
1274 1667 1326 1725 ta-

194 1777 267 1821 men
282 1777 304 1820 a
320 1756 430 1820 multis
444 1762 622 1838 temptatus
643 1763 677 1820 et
697 1757 855 1837 probatus
876 1763 935 1822 est.
972 1757 1056 1821 Nam
1076 1757 1241 1840 gladiator
1263 1771 1328 1828 ant

192 1864 353 1940 pugnator
374 1856 497 1922 habeus
519 1879 592 1921 eum
614 1857 726 1922 inore
751 1878 810 1922 suo
832 1859 1035 1940 insuperatus
1062 1861 1267 1942 permanebit
1288 1871 1327 1930 et

192 1964 261 2027 siue
287 1961 355 2040 siti,
391 1969 424 2025 et
450 1960 606 2025 athletam
637 1968 671 2024 et
704 1961 848 2040 aurigam
875 1959 1058 2026 omnimodo
1089 1962 1196 2026 vineit
1240 1964 1325 2032 IIilo

193 2060 279 2128 enim
301 2063 517 2129 Crotoniensis
539 2061 623 2126 huno
643 2062 785 2143 lapidem
799 2071 932 2146 portans
947 2085 1118 2148 numquam
1140 2069 1190 2130 est
1203 2065 1321 2132 deors
1343 2094 1376 2144 lo

192 2169 366 2233 Praeterea
383 2166 476 2231 multi
493 2165 549 2229 alii
564 2185 623 2247 per
641 2164 764 2244 praelia
780 2185 852 2228 eum
869 2164 1024 2230 babentes
1041 2166 1168 2231 sortiter
1185 2165 1323 2252 bellige-

190 2272 309 2335 rabant
330 2275 363 2334 et
384 2269 492 2332 invicti
513 2265 755 2349 permanebant.
792 2266 836 2329 Et
848 2287 939 2346 reges
954 2267 1079 2348 expulsi
1093 2273 1204 2333 sunta
1218 2291 1322 2354 reguo

190 2393 249 2436 suo
278 2382 312 2437 et
339 2373 529 2453 receperunt
552 2368 817 2446 dominationem,
846 2389 911 2434 nou
939 2368 1041 2433 solum
1067 2391 1173 2450 snam,
1205 2395 1321 2441 verum

190 2474 288 2538 etiam
310 2472 459 2540 alienam.
503 2472 595 2535 Facit
622 2471 717 2534 etiam
745 2491 874 2534 securos
902 2479 936 2534 et
963 2478 1073 2554 gratos
1096 2479 1129 2538 et
1148 2474 1320 2557 plnoeutes
1355 2534 1359 2539 .

189 2583 352 2660 gestantes
374 2598 456 2642 eum.
498 2575 671 2638 Praeterea
691 2572 778 2636 eirca
800 2593 952 2636 venereas
974 2573 1155 2656 voluptates
1178 2625 1316 2645 ......
1337 2600 1374 2650 2⁰

188 2678 307 2742 reddit.
352 2677 418 2743 Sed
439 2683 473 2740 et
493 2673 681 2739 mulieribus
706 2674 853 2756 proderit
872 2675 1077 2756 portantibus
1098 2697 1183 2759 quae
1204 2679 1320 2748 volunt

252 2832 267 2881 1
283 2828 476 2896 Odoutolycius
493 2843 568 2895 ego,
585 2825 755 2892 odontelycio
772 2825 833 2892 (sie)
846 2845 868 2893 c,
886 2825 1076 2894 Odontelyeius
1090 2844 1123 2894 p3
1141 2859 1174 2869 —
1191 2831 1213 2882 2
1227 2831 1319 2887 Odon.

187 2915 280 2982 tolveii
298 2930 376 2981 ego,
395 2913 571 2980 Odontelyoio
589 2931 611 2971 c,
629 2910 820 2978 Odoutelycins
835 2929 870 2975 p;
893 2941 928 2952 --
951 2912 971 2962 3
991 2918 1039 2964 aut
1055 2927 1106 2978 per
1123 2927 1229 2968 sensum
1249 2917 1318 2971 divi.

187 3015 253 3053 nare
269 3000 302 3066 03
320 2998 463 3053 divinalem
481 2996 593 3050 edidit
608 3014 641 3063 p,
659 2995 706 3063 qui
723 3000 867 3063 praeterea
884 3003 942 3047 aut
958 3010 1017 3063 per
1034 2996 1210 3050 incensum
1227 2982 1317 3065 doni.;

187 3086 286 3139 fundus
303 3084 365 3138 scisi
382 3102 409 3150 c;
435 3115 462 3122 -
488 3082 630 3150 dautem]
649 3079 758 3134 taudem
773 3097 807 3146 p3
825 3080 915 3134 iurare
933 3100 960 3147 c,
983 3081 1044 3135 fort.
1062 3088 1145 3136 reete.
1170 3114 1206 3124 -
1232 3087 1316 3142 8De

186 3170 317 3224 eleuterio
346 3170 394 3222 cfr.
422 3167 545 3220 Vinoeut.
571 3166 672 3219 Bellov.
694 3165 712 3218 l.
736 3166 753 3218 I.
780 3181 839 3232 cap.
863 3166 969 3219 XLIII:
1003 3166 1211 3235 »Dysseorides
1240 3171 1316 3225 Alle-

186 3256 287 3309 ctorius
305 3255 374 3322 lapis
396 3254 424 3306 in
442 3252 580 3305 ventribus
604 3251 735 3319 gallorum
759 3249 963 3317 gallinaci0rum
985 3252 1134 3314 invenitur3
1159 3269 1240 3321 quem
1258 3257 1316 3323 gla-

186 3340 274 3394 diator
291 3339 393 3392 habeus
410 3339 438 3390 in
457 3353 517 3391 ore:
536 3344 677 3403 permanet
694 3336 809 3389 invictus
826 3349 859 3387 ac
871 3335 928 3388 sine
945 3337 997 3390 siti.
1026 3337 1187 3391 Mulieribus
1205 3325 1316 3410 quoque

188 3440 240 3492 que
259 3424 352 3477 volunt
369 3423 478 3490 plaeere
495 3423 561 3474 viris
583 3421 704 3488 proderit
727 3421 790 3488 quia
807 3428 947 3488 portantes
965 3437 993 3474 se
1011 3422 1108 3488 probas
1126 3438 1159 3476 ae
1176 3426 1315 3491 speciosas

184 3510 297 3565 reddit«
310 3540 345 3549 —
357 3510 378 3561 8
392 3518 419 3561 et
431 3510 451 3560 9
465 3509 593 3562 aleatorio
614 3509 649 3568 03
666 3538 692 3544 -
707 3508 727 3558 9
742 3507 944 3574 gallinaciomm
955 3526 969 3556 c
981 3513 1009 3558 et
1021 3507 1139 3574 Diase.‚
1152 3509 1315 3576 gallinaceo-

184 3611 243 3649 rum
258 3614 293 3661 p;
312 3625 344 3634 -
363 3595 398 3646 10
418 3593 564 3645 cristallina
581 3610 607 3656 ⁶3
624 3623 658 3631 -
676 3594 710 3643 12
728 3600 849 3644 tentatus
863 3609 896 3657 p3
914 3607 975 3645 uam
993 3607 1068 3659 ego,
1084 3593 1147 3645 uam
1164 3600 1192 3646 et
1213 3594 1314 3664 Ring,

184 3695 235 3735 neo
247 3697 297 3745 cp;
310 3680 390 3730 -13
403 3693 464 3731 eum
482 3693 537 3732 om.
546 3695 581 3744 p;
600 3686 743 3744 superatus
751 3697 787 3743 p,·
798 3708 832 3717 -
844 3678 880 3728 14
891 3679 993 3730 exitum
1011 3697 1040 3742 c,
1058 3680 1132 3732 exitu
1145 3698 1174 3746 p,
1192 3680 1239 3733 siti
1251 3698 1314 3750 ego

184 3779 219 3817 ex
236 3763 346 3816 Diaso.
364 3770 398 3816 et
415 3761 519 3814 Marb.
538 3792 569 3801 —
588 3762 623 3812 16
643 3770 818 3815 eonnoueuse
839 3763 872 3823 0;
890 3794 925 3801 -
941 3764 976 3815 17
989 3763 1102 3817 invictos
1119 3782 1148 3830 ⁶3
1165 3795 1200 3804 -
1216 3767 1253 3818 18
1271 3783 1314 3821 re-

201 3849 327 3903 'oueruut
347 3849 375 3916 0,
393 3848 456 3901 fort.
474 3854 555 3900 recte.
576 3877 606 3885 -
626 3848 668 3899 20
685 3848 797 3900 lacunae
816 3848 893 3914 sigua
904 3863 954 3914 ego
966 3849 1044 3914 posui
1056 3857 1084 3901 et
1096 3849 1198 3917 aliquid
1216 3850 1313 3906 deesse

253 3933 374 3989 advertit
392 3934 474 3988 etiam
491 3933 579 3998 Pitra3
602 3933 651 3986 cfr.
668 3931 770 3985 Marb.:
791 3932 858 3984 »Hic
875 3932 948 3985 eirea
958 3934 1072 4004 Veneris
1089 3934 1155 3986 fauit
1175 3934 1314 3990 incentiva

368 4037 428 4063 ·-
445 4019 480 4071 21
496 4017 585 4071 reddit
602 4033 680 4086 ego,
704 4017 821 4071 reddidit
838 4036 892 4082 cp3
917 4025 998 4084 setc;
1016 4034 1089 4072 eum
1105 4027 1168 4073 aute
1185 4022 1243 4089 qui
1261 4022 1314 4091 (sio
