2866 4620
664 291 880 354 „16-

311 475 382 538 οὐδ’
406 477 433 540 εἷ
449 475 570 564 χάλκεα
593 476 663 557 χυῖα
686 477 734 538 καὶ
756 475 934 560 ἄχναμπτον
958 476 1073 554 σθένος
1095 477 1176 566 ἀνήρ

309 587 432 671 ἄντικρυ
457 585 625 670 στεφάνοιο
651 583 741 670 πόθῳ
765 586 893 668 κομίσας
915 587 1072 671 ἐριδαίναι.

310 697 360 759 νιιί
377 719 430 781 μιν
453 699 501 759 καί
523 694 676 782 θήρεσσιν
699 695 886 783 ὀρεσκῴοισι
907 685 1016 761 λέοντα

240 826 274 878 30
310 807 411 870 δεινὸν
434 809 482 870 καὶ
505 808 623 871 λαοῖσιν
647 807 769 871 ἐοικότα
791 807 912 892 δαίμονι
935 808 1045 881 τεύξω.

308 917 359 980 καί
379 919 407 980 οί
430 919 478 980 καὶ
499 918 664 1000 βασιλεῦσι
687 917 923 1002 διοτρεφέεσσιν
944 918 1077 983 δπάσσιο

304 1031 378 1114 ῥεῖα
402 1031 450 1092 καὶ
472 1029 672 1093 ἀλλοδαποῖσι
693 1030 767 1112 μετ’
791 1027 987 1114 ἀνθρώποισι
1010 1029 1139 1094 τίεσθαι.

308 1139 359 1200 τὸν
381 1138 417 1201 δέ
440 1139 488 1202 καί
510 1138 610 1227 ήίθεοι
634 1140 839 1228 τερενόχροες
862 1142 1021 1227 ἱμερτῇσιν

287 1228 371 1312 αἰὲν
393 1250 613 1336 ἐφορμήσουσι
636 1251 852 1333 περιπτύσσειν
871 1251 1032 1338 παλάμῃσι,

235 1379 270 1430 35
307 1362 355 1422 καὶ
374 1362 497 1447 μαλακή
516 1361 666 1448 χρύσειον
690 1360 738 1424 ἐπὶ
760 1360 849 1448 λέχος
872 1362 1089 1447 αἲένέρύσσει

304 1470 453 1557 ἄλληκτον
476 1470 573 1557 κούρη
597 1470 751 1558 ἐπιϊεμένη
776 1471 951 1558 φιλότητος.

303 1579 472 1667 εὐχομένου
496 1604 529 1644 τε
554 1585 632 1661 πρὸς
654 1579 745 1644 οὔατ’
772 1581 915 1664 ἀφίξεται
938 1581 1002 1645 αίὲν
1026 1580 1141 1645 ἐόντων

304 1689 401 1778 εόχή·
423 1693 471 1754 καὶ
494 1691 616 1754 πόντοιο
640 1692 818 1776 κυκωμένου
841 1692 897 1755 οόκ
918 1693 1067 1775 ἀλεχίζιον

302 1799 418 1886 βήσετ’
441 1800 490 1864 ἐπὶ
513 1804 677 1889 τραφερήν
698 1801 790 1889 χθόν’
813 1802 1015 1887 ἀκυμάντοισι
1038 1803 1177 1867 πόδεσσι.

234 1928 272 1980 40
308 1913 360 1974 τὸν
384 1914 433 1975 καί
453 1914 618 2000 ληιστῆρες
640 1913 784 1999 ἀνάρσιοι
806 1914 871 1978 οἷον
894 1915 987 1979 ἐόντα

302 2022 490 2106 φεύξονται·
514 2026 561 2086 καὶ
584 2024 690 2104 δμῶες
712 2024 851 2106 όῖόμενοι
873 2025 985 2108 πατέρ’
1010 2025 1086 2088 εἶναι

302 2132 445 2211 τίσουσιν,
469 2134 517 2194 καὶ
540 2132 622 2195 οίκον
644 2135 698 2195 ἑοῦ
724 2132 907 2217 στέρξουσιν
930 2133 1069 2209 ἄνακτος.

299 2241 420 2323 ίδμεναι
443 2241 503 2305 αίκ’
527 2239 664 2328 ἐθέλησι,
689 2242 851 2329 δαήσεται,
874 2245 955 2306 όσσο
977 2267 1009 2306 τε
1032 2247 1138 2329 φῶτες

302 2351 475 2437 κρυπτάδια
500 2353 689 2440 σφετέρῃσιν
712 2352 755 2416 ἐνὶ
778 2356 873 2438 φρεσὶ
893 2355 1120 2441 μηχανόωνται,

231 2482 264 2532 45
301 2464 382 2525 όσσα
406 2486 439 2525 τε
462 2461 626 2549 κεκλήχασι
645 2462 726 2548 μετά
747 2487 851 2548 σφισιν
874 2464 1068 2551 ήεροφοῒται,

184 2592 188 2598 ’
298 2580 479 2664 ἀνθρώποις
500 2581 665 2667 ἄφραστον
687 2582 884 2670 ίακχάζοντες
907 2578 1025 2670 ἀοιδήν,

297 2693 409 2771 οίιονοί,
431 2692 581 2775 μεχάλοιο
602 2687 672 2769 Διὸς
695 2697 835 2778 κραιπναί
858 2694 1022 2783 ὑποφῆται.

294 2803 405 2887 ῥοῖζύν
429 2825 462 2864 τε
485 2808 596 2888 στῆσαι
613 2805 712 2890 χαμαὶ
734 2803 915 2890 ἐρχομένοιο
939 2803 1111 2888 δράκοντος

299 2910 424 2987 εἴσεται,
447 2911 502 3000 ἠδ’
525 2905 632 2995 όφειον
655 2913 700 2974 ίδν
723 2912 837 2997 σβέσαι
859 2912 1077 2998 ἑρπυστήριυν.

228 3040 263 3090 50
298 3023 396 3085 δώσω
419 3023 448 3084 οί
470 3024 518 3085 καὶ
540 3026 633 3106 φῶτα
650 3021 738 3109 χόλῳ
762 3021 908 3085 πίπτοντα
928 3021 1059 3109 σελήνης

293 3132 465 3217 ῥύσασθαι,
488 3133 537 3194 καί
560 3135 670 3194 νοῦσον
694 3132 874 3219 ἀταρτηρήν
897 3131 1086 3216 ἐλέφαντος·

296 3244 345 3305 καὶ
368 3244 468 3331 φυχήν
491 3240 601 3305 ἐλάσαι
624 3239 801 3329 τεθνηότος,
826 3243 846 3330 ή
869 3265 920 3306 κεν
944 3242 1077 3326 ἐμεμνοῦ

301 3350 339 3424 ἐξ
351 3347 463 3427 ’Άϊδος
477 3352 680 3436 προμολοῦσα
703 3351 954 3440 ποτιχρίμπτητοιι
977 3351 1110 3437 ἑκάστῳ.

295 3462 382 3526 ἄλλαι
405 3463 576 3546 ἀπειρέσιοι
600 3462 789 3549 πολυμήτιος
804 3460 948 3548 <δήομείαο

225 3592 258 3641 55
294 3573 418 3636 διοτῖνοι
441 3572 623 3655 κομίσαντος
646 3571 689 3634 ἐνὶ
711 3572 860 3658 σπήλυχγι
880 3573 1009 3647 κέονται,

293 3682 458 3767 ἄμβροτοι,
483 3682 640 3767 ἀτρεκέες,
661 3683 765 3767 ῥίμφα
788 3683 986 3768 πρήσσουσαι
1009 3681 1143 3744 ἕκαστοι·

294 3791 377 3855 τάων
400 3791 530 3880 ήμίθεός
552 3815 585 3854 τε
608 3793 656 3854 καὶ
680 3786 786 3874 όλβιος
806 3794 841 3864 ὅς
865 3791 894 3854 κ’
918 3790 1068 3877 ἐφίκηται.

294 3904 348 3975 τὰς
371 3902 425 3986 ἐμὲ
449 3904 614 3990 κηρύσσειν
637 3902 792 3974 λαοσσόος
814 3901 1029 3988 Ἀργειφόντης

293 4011 504 4097 ἀνθρώποισιν
529 4009 620 4099 όρινε,
642 4013 866 4098 μελιχλώσσοιο
890 4012 1039 4088 κελεύσας
1128 4010 1129 4014 ’
