2866 4620
613 336 830 401 -50-

163 533 198 575 cx
222 522 297 575 cuius
320 520 463 591 »θεογονίᾳ
485 521 514 572 ἐν
531 521 646 592 βραχεῖ’
669 520 741 585 μετὰ
759 521 919 591 προσθήκης
936 522 979 573 καλ
997 525 1054 574 τῶν
1077 522 1122 575 ent
1144 523 1195 592 την
1219 521 1280 576 ἴλιον

162 605 282 676 ἀρίστων
301 606 419 676 ἑλλήνων
438 623 468 660 τε
485 607 529 660 καὶ
548 607 661 677 τρώωνι
680 607 749 660 haec
766 607 800 661 ad
818 607 890 660 hunc
901 608 989 662 locum
1001 609 1152 676 spectantia
1163 610 1282 678 excerpsi

162 706 196 745 cx
213 693 293 746 unico
310 698 342 745 ut
359 693 465 746 videtur
478 692 569 747 codice
581 694 754 747 Casanatensi
767 693 839 748 GlV
854 697 892 762 16,
911 695 981 749 unde
993 700 1080 749 tutum
1097 710 1204 750 carmen
1221 695 1282 748 eatis

161 777 337 845 neglegenter
354 793 371 830 a
388 777 513 831 Bekkero
535 778 562 830 in
580 779 657 830 Actis
675 779 838 832 Academiae
858 778 1038 833 Berclinensis
1061 784 1140 845 (1840
1157 796 1184 849 p.
1204 783 1282 834 140-

163 863 223 928 170)
239 861 379 929 vulgatum
403 869 454 916 est:
481 859 532 915 Kal
551 861 677 923 Πάνθους
696 860 909 928 Πολυδάμαντος
932 866 1025 935 πατὴρ
1047 866 1091 917 καλ
1110 868 1161 917 τοῦ
1180 861 1281 934 Εὐφόρ-

160 945 215 1012 βου
234 952 239 1010 Ι
260 942 304 1005 Ὃς
317 945 491 1017 χρυσοκόμης
509 945 658 1017 Εὔφορβος
679 947 809 1019 ὑπάρχων
831 948 902 1015 ὑπὲρ
921 949 1002 1015 φύσιν
1023 958 1028 1013 Ι
1049 945 1101 1001 Kal
1114 965 1281 1019 χρυσοκατα-

162 1031 299 1100 δέσμητον
314 1031 387 1103 εἶχεν
407 1033 491 1085 αὐτοῦ
513 1032 562 1102 τὴν
587 1033 686 1103 κόμην·
712 1043 716 1096 Ι
744 1028 796 1084 Kal
813 1032 943 1095 πολεμῶν
960 1032 1004 1084 καὶ
1024 1037 1170 1103 καρτερῶν
1189 1034 1281 1092 πόνους

161 1119 189 1169 έν
208 1120 267 1177 τοῖς
284 1119 420 1182 πολέμοιςΙ
436 1117 495 1188 ΙὩς
505 1117 620 1188 Ὅμηρος
636 1117 784 1187 παρίστησι
795 1117 843 1168 τὸν
864 1118 925 1168 νέον
944 1119 1113 1187 διαγράφειν.
1129 1117 1214 1182 ΙὉόὲ
1231 1137 1281 1171 σο·

160 1203 322 1271 φώτατος
341 1202 478 1273 Ὀρφεὺς
500 1207 623 1256 τοῦτον
643 1202 884 1271 όπερεξαίρων
910 1205 915 1268 Ι
938 1201 1039 1271 Λέγει
1059 1204 1185 1256 ποθεῖν
1204 1206 1281 1264 τοὺς

160 1289 361 1352 σύμπαντας
373 1290 591 1357 πορεύεσθαι
604 1289 665 1340 σὺν
683 1288 797 1358 τούτῳ.
814 1319 840 1327 -
857 1288 937 1342 Peius
951 1288 1032 1341 etiam
1043 1288 1204 1344 Scidenadel
1216 1291 1279 1343 Her-

160 1375 329 1427 mannianum
346 1375 469 1442 probavit
491 1381 519 1427 et
540 1390 593 1428 non
610 1374 662 1427 nisi
679 1376 707 1425 κ’
725 1373 773 1425 οὐκ
790 1389 840 1440 pro
859 1373 918 1425 ἐπεὶ
936 1373 984 1424 οόκ
1002 1373 1154 1427 substituit>
1167 1406 1199 1415 -
1217 1376 1277 1428 449

158 1476 191 1527 γε
213 1460 262 1523 μέν
281 1461 324 1523 Μ,
346 1462 379 1528 γε’
395 1479 440 1523 μιν
458 1460 511 1513 ΒΡ
535 1463 598 1524 (non
620 1477 653 1527 γε
676 1460 725 1522 μὲν
749 1465 780 1511 ut
797 1474 840 1526 ap.
860 1458 965 1526 Tyrwlr·
983 1458 1092 1526 legitur)
1111 1459 1203 1514 Pal.V
1220 1461 1277 1527 aii;

160 1543 277 1596 ἀέκοντα
295 1561 319 1613 a,
339 1563 454 1597 αεκοντα
472 1545 490 1612 i,
508 1544 649 1597 de'xorruf
659 1551 687 1597 et
699 1545 756 1599 rell.
775 1575 806 1584 -
826 1544 890 1596 460
908 1544 1009 1614 κνήμην
1024 1543 1064 1605 Μ,
1081 1553 1165 1610 recte,
1184 1547 1231 1600 cir.
1242 1564 1280 1600 vv.

159 1630 200 1684 76.
219 1634 277 1684 508.
295 1635 353 1684 524.
371 1635 435 1697 656;
456 1632 556 1701 κνήμης
585 1630 641 1685 rell.
669 1630 744 1685 codd.
769 1637 797 1681 et
821 1629 894 1695 edd.;
923 1629 1115 1698 ὀλεσίμβριτον
1137 1631 1198 1686 edd.
1221 1639 1282 1687 ante

160 1712 265 1781 supn.;
286 1716 386 1776 έλάσας
402 1717 424 1770 Ρ
443 1724 506 1770 ante
525 1733 601 1780 corr,
622 1716 681 1770 alf.
703 1747 736 1756 -
758 1715 814 1767 461
835 1714 883 1766 τὸν
901 1716 952 1777 μὲν
972 1714 1015 1766 ἔτ’
1034 1715 1056 1766 ὦ
1074 1715 1234 1784 όλοΐστερος
1251 1719 1281 1770 οὐ

159 1797 245 1850 λάθεν
258 1800 334 1854 codd.
345 1807 372 1854 et
384 1801 443 1855 edd.
453 1809 515 1856 ante
526 1802 617 1856 Herm.
627 1801 677 1855 nisi
691 1801 761 1869 quud
776 1803 814 1852 ὢν
827 1801 866 1868 M,
879 1801 901 1850 ὢ
914 1801 1033 1855 BPPal.
1039 1804 1070 1870 V,
1082 1799 1244 1872 όλοίστερος
1252 1803 1280 1857 Β.

161 1885 253 1938 ’Haec
275 1893 403 1955 corrupta
426 1903 484 1941 esse
506 1903 583 1940 nemo
601 1886 713 1941 dubitet.
751 1887 803 1939 Pro
822 1884 844 1936 ὦ
863 1885 930 1938 coni.
949 1884 1028 1939 Gesn.
1047 1886 1099 1954 ὢν,
1123 1902 1177 1954 qua
1194 1893 1282 1940 mente

159 1986 212 2024 uon
229 1971 315 2026 video.
343 1972 491 2026 Tentabam
510 1973 558 2023 τόν
578 1976 626 2036 μέν
647 1970 686 2023 ἔτι
707 1971 809 2030 ζώοντ’
829 1970 893 2039 ἔρος
912 1969 945 2020 οὐ
963 1970 1058 2022 λάθεν.
1091 1969 1145 2024 Sed
1163 1977 1282 2039 praestet

159 2054 272 2109 fortasse
290 2057 437 2121 ἀδυναμίαν
450 2059 554 2112 lateri«.
574 2056 698 2124 Tyrwh.
719 2053 789 2107 »Τόν
801 2055 851 2118 μὲν
865 2054 905 2107 ἔτι
917 2055 1059 2107 λυσσῶνθ’
1075 2056 1134 2115 ἑνὸς
1147 2057 1181 2108 οὐ
1193 2055 1279 2110 λάθεν

158 2171 192 2180 -
211 2141 267 2208 vel,
290 2158 339 2209 pro
358 2142 398 2194 έτι
415 2142 575 2204 λυσσῶνθ’,
599 2141 643 2193 ἔτ’
663 2141 814 2204 ολμώζυνθ’
834 2139 927 2194 -vel
950 2139 992 2193 ἔτ’
1017 2141 1171 2193 οῖθαίνονθ’
1192 2172 1220 2182 -
1240 2140 1281 2194 rel

160 2224 201 2276 ἔτ’
220 2225 275 2288 ὤμ’
293 2227 417 2294 άγοῦνθ,
435 2226 529 2279 -vel
547 2226 569 2279 si
592 2227 619 2278 in
636 2226 723 2279 activo
742 2226 863 2294 legatur,
887 2225 930 2277 ἔτ’
954 2225 1127 2278 λλυσπῶνθί
1156 2225 1279 2294 Musgr.

161 2309 235 2378 »Ego
254 2326 303 2364 nec
321 2311 462 2380 Tyrwhitti
480 2311 675 2378 coniecturam,
699 2327 748 2364 nec
767 2326 836 2379 quac
855 2310 957 2378 Musgr.
976 2310 1040 2363 satis
1063 2310 1131 2363 mira
1148 2313 1283 2378 excogita·

158 2395 197 2447 vit
214 2395 364 2464 intelligere
387 2413 430 2451 me
453 2396 549 2451 fateor·
583 2396 671 2450 Aliam
696 2397 779 2463 igitur
802 2397 872 2449 viam
895 2397 1031 2463 ingressus
1054 2411 1088 2448 ex
1105 2395 1148 2450 his
1165 2397 1213 2450 τὸν
1231 2397 1281 2459 μὲν

158 2476 606 2535 ΕΤΩθΛθΙΣΤΕΡθΣθΥΛΑθΕΝ
631 2481 683 2534 ieci
710 2482 756 2532 τόν
785 2480 834 2543 μὲν
863 2477 982 2533 ΕΠΕΙΤ’
1010 2477 1285 2533 ’adcumularat

158 2562 281 2620 ΛΑΒΕΝ.
308 2566 400 2621 Utitur
411 2566 603 2621 hoc'vocabulo
616 2573 708 2620 noster
725 2565 795 2619 inira
806 2582 830 2618 v.
845 2569 895 2619 628
917 2566 1012 2636 [vulg]
1045 2565 1203 2635 Melanippo
1222 2569 1282 2618 νοῦ-

159 2670 206 2711 σος
222 2669 284 2705 mox
302 2653 429 2706 tribuitur
445 2669 471 2706 ν.
484 2657 559 2707 45οι.
578 2653 683 2705 Herm.
702 2651 748 2719 qui
764 2651 945 2705 coniecturam
964 2665 1039 2704 suam
1057 2651 1103 2701 τὸν
1121 2651 1173 2714 μὲν
1193 2649 1281 2702 ἔπειτ’

159 2735 239 2795 ὀλοὸς
255 2738 375 2806 πυρετὸς
393 2737 478 2802 λάβεν
497 2738 524 2790 in
536 2736 761 2803 textumrecepit.
793 2735 860 2788 »Hic
879 2735 950 2804 quod
967 2735 1058 2803 posuit
1075 2736 1196 2804 quamvis
1214 2751 1282 2790 ccm-

157 2820 236 2874 mode
253 2823 390 2875 inventum
407 2832 434 2885 et
451 2838 581 2890 perquam
605 2823 640 2874 eit
657 2821 812 2889 probabile,
836 2820 937 2889 aliquid
955 2828 1044 2875 tamen
1062 2819 1238 2875 dubitationis
1254 2819 1281 2874 id

113 2931 114 2935 1
157 2905 282 2969 moverit,
309 2907 380 2974 quod
402 2907 516 2974 primum
540 2907 639 2974 legitur
656 2911 743 2959 atrurn
761 2906 876 2974 hydrum
901 2907 1043 2959 retinuisse
1060 2905 1160 2974 virum,
1184 2905 1281 2960 deinde

158 3005 219 3043 eum
236 2991 264 3043 in
281 2990 401 3044 morbum
420 2990 544 3045 incidisse
567 2990 613 3057 qui
638 3005 698 3042 enm
717 2990 859 3051 retineret,
883 2996 913 3042 ut
930 2989 1024 3058 negari
1041 3005 1094 3043 non
1111 2989 1198 3057 possit
1216 2988 1280 3058 quin

157 3075 284 3129 iteratum
300 3075 367 3129 illud
389 3073 478 3127 οὕνεκ’
502 3075 612 3138 ἔμελλεν
636 3074 700 3127 αὖθι
718 3074 897 3140 λελείψεσθαι
916 3076 1052 3143 langueat.
1088 3074 1166 3142 Quod
1185 3075 1280 3128 incom-

156 3161 264 3216 modum
282 3161 448 3223 evitabimus
467 3160 490 3213 si
507 3161 542 3213 ad
557 3160 708 3213 litterarum
726 3160 816 3226 qualia
833 3159 935 3213 tradita
953 3165 1022 3227 sunt,
1040 3160 1154 3228 vestigia
1169 3160 1280 3228 propius

157 3247 238 3301 etiam
256 3246 413 3301 accedentes
431 3246 575 3315 legerimus
599 3246 643 3298 τόν
664 3246 714 3308 μέν
739 3244 809 3310 ἔρως
827 3243 905 3304 όλοός
922 3245 1026 3312 φρένας
1042 3244 1159 3314 ἤλασεν,
1185 3243 1278 3296 οὕνεκ’

157 3330 277 3395 ἔμελλεν,
301 3349 353 3401 quo
371 3332 410 3401 fit,
432 3339 463 3386 ut
481 3331 552 3401 quod
570 3332 691 3400 sequitur
709 3330 806 3382 οθνεκα
823 3332 853 3383 in
871 3331 951 3384 aliam
970 3328 1130 3383 senteutiam
1146 3329 1280 3397 accipien-

157 3413 219 3470 dum
237 3417 337 3485 optime
355 3434 383 3472 se
401 3417 507 3472 habeat.
543 3416 615 3470 Dicit
632 3416 704 3469 enim
723 3416 788 3469 hoc:
815 3416 973 3468 miserum
997 3412 1082 3467 domi
1105 3428 1279 3468 remanere

156 3508 556 3557 coactumtransversum
575 3502 701 3569 agebat
718 3500 882 3568 perditus
900 3497 1128 3553 amanciadel.
1142 3498 1177 3553 H.
1190 3500 1224 3554 A.
1239 3503 1279 3561 14,

157 3593 189 3644 18
208 3588 350 3642 ἐλαύνεται
366 3589 415 3659 τὴν
435 3589 524 3660 ψυχὴν
544 3590 664 3658 έρωπικῇ
680 3586 771 3658 μανίᾳ,
789 3586 820 3639 11.
838 3603 863 3654 γ.
879 3588 931 3638 442
949 3585 1019 3654 ἔρως
1037 3584 1143 3653 φρένας
1159 3583 1278 3652 ἀμφεκά·

153 3672 233 3743 λυψε,
250 3672 326 3727 Pind.
345 3672 374 3728 P.
393 3673 419 3727 X
436 3677 477 3727 60,
498 3673 568 3743 ἔρως
587 3674 712 3726 ὑπέκνισε
731 3672 843 3742 φρένας,
861 3671 933 3725 Lith.
952 3687 977 3724 v.
993 3674 1044 3724 318
1063 3669 1173 3740 [vulgis
1194 3668 1279 3723 Wiel

153 3760 233 3829 p.28.
259 3759 320 3829 Ego
331 3759 478 3813 Hermanui
490 3758 610 3826 vestigiis
624 3759 749 3811 insistens
767 3757 876 3821 τὸνμὲν
891 3756 978 3808 ἔπειτ’
997 3754 1063 3823 ὀλοὴ
1082 3755 1162 3814 νόσος
1179 3752 1279 3818 ἔλλαβε

154 3843 250 3911 scripsi
267 3858 301 3897 cx
317 3861 342 3896 v.
359 3847 419 3908 456,
438 3858 525 3912 neque
544 3859 612 3911 quae
630 3842 701 3896 Wiel
718 3848 812 3897 contra
831 3842 1015 3896 Hermaunum
1033 3840 1126 3895 attulit
1143 3844 1204 3893 rata
1221 3854 1278 3892 esse

153 3926 281 3995 concedo.
299 3959 331 3970 -
349 3927 457 3982 οόνεκεν
476 3929 508 3996 Β,
531 3926 622 3980 οὕνεκ’
642 3928 766 3981 PPatv,
791 3958 826 3967 -
851 3928 914 3978 463
934 3927 1061 3995 οἰκτείρω
1077 3924 1198 3980 BPPal.
1216 3923 1283 3986 aisa

153 4008 232 4081 ’μυῖα
248 4012 337 4069 BPal.
345 4011 376 4067 V.
396 4044 428 4054 -
446 4014 509 4066 466
529 4012 713 4078 ἑπιπάσσεμεν
733 4014 768 4075 Β;
788 4012 858 4064 ἕλκει
876 4011 908 4065 V.
934 4041 967 4052 -
994 4011 1058 4062 467
1076 4027 1154 4061 τεκεν
1175 4003 1276 4077 (υἱο)’Β’.

154 4084 307 4152 -uaner
323 4096 357 4151 sd
375 4113 400 4151 ν.
418 4101 470 4152 344
488 4098 626 4168 σιδηρίτην
646 4097 759 4152 eundem
779 4112 838 4151 esse
858 4102 940 4164 atque
962 4095 1060 4166 ὀφίτην
1080 4108 1130 4147 ουκ
1148 4093 1200 4146 hoc
1217 4093 1273 4160 ipso
