2866 4620
604 341 814 404 „59-

149 525 398 581 videturEschenh.
417 525 557 594 quiverat
576 525 703 579 »Plenum
720 525 747 577 in
762 525 864 578 sulcum
883 523 933 578 eil
938 523 1045 578 undet
1063 522 1220 591 frugiferum
1238 523 1272 578 si-

149 628 238 666 num«.
257 612 394 663 έσαόλακα
410 627 436 664 e.
471 611 536 664 Post
553 627 577 664 v.
595 615 648 666 243
671 610 765 665 titulus
789 615 830 664 est
851 610 880 664 in
897 614 918 664 ll
931 610 952 663 P
963 609 1019 664 Pal.
1033 608 1056 664 V
1080 615 1108 663 et
1132 606 1192 662 edd.
1210 613 1272 661 ante

150 695 270 764 Tyrum:
292 696 356 766 περλ
373 696 489 766 κέρατος
506 696 616 763 ἐλάφου.
635 711 685 749 om.
705 694 812 748 titulum
830 697 856 749 A
879 695 951 749 etin
973 694 1061 763 spatIo
1080 707 1165 748 vacuo
1184 691 1222 745 M.
1239 721 1273 730 -—

151 780 214 832 244
233 781 356 833 σκέπτεο
372 782 402 834 Μ
420 787 483 834 ante
501 796 568 835 corr.
586 781 686 851 όυητόν
706 796 740 834 ex
757 781 857 851 θνητόν
877 781 952 845 Bv,
979 780 1077 851 θνητόν
1096 781 1117 833 Ρ
1136 779 1163 831 in
1182 780 1269 839 textu,

150 864 205 919 Pel.
223 864 257 919 il.
277 865 378 934 danaae
398 864 419 917 Ρ
442 864 471 918 in
487 879 570 931 marg.
589 870 616 918 et
634 864 690 918 rell.
715 863 777 934 έχον
798 865 827 918 Β.
853 895 878 905 -
906 866 968 918 246
995 863 1104 933 φύσεως
1121 865 1155 931 A,
1174 863 1271 930 φύσιος

150 947 225 1003 codd.
239 946 304 1002 dett.
324 954 350 1001 et
369 946 429 1002 edd.
444 963 543 1002 omnes.
563 948 753 1000 πολυδαίδαλον
773 948 888 1003 voluisse
905 949 1011 1004 videtur
1030 949 1171 1015 Eschenb,
1191 944 1272 1000 vertit

151 1033 233 1086 enim:
256 1032 383 1087 varium
401 1038 545 1087 naturae
567 1048 657 1100 opus.
677 1032 753 1087 colon
778 1039 839 1101 post
857 1034 968 1086 ἰδόντων
990 1040 1031 1098 est
1051 1048 1086 1086 ex
1106 1034 1139 1086 A.
1160 1049 1183 1084 v.
1209 1030 1272 1083 247

151 1116 241 1171 addidi
262 1131 296 1170 ex
314 1119 354 1184 A,
378 1117 454 1170 deest
475 1117 502 1191 ἰρ
524 1116 599 1171 codd.
619 1117 684 1171 dett.
704 1122 732 1170 et
748 1117 776 1170 in
799 1117 858 1170 edd.
878 1117 1008 1172 omnihus.
1030 1147 1064 1158 -
1087 1117 1150 1170 248
1172 1112 1272 1167 οὔποτε
1364 1107 1366 1111 ’

150 1200 234 1270 κόρση
246 1202 280 1269 A,
299 1200 397 1254 οὔποτε
409 1202 509 1270 κόρσην
523 1205 543 1254 Β
556 1202 594 1268 M,
614 1201 673 1254 Pin
692 1208 777 1269 textu,
795 1202 852 1255 Pal.
870 1200 881 1254 i
899 1217 980 1272 supra
998 1219 1016 1263 ει
1031 1202 1139 1269 scripto,
1158 1197 1192 1252 od
1204 1199 1271 1260 ποτὲ

151 1286 251 1355 κόρσην
269 1286 302 1352 V,
321 1286 353 1337 οὐ
367 1285 425 1337 ποτὶ
439 1286 539 1355 κόρσην
559 1283 618 1339 edd.
631 1301 734 1352 omnes;
753 1287 815 1338 ποτλ
832 1286 919 1339 iamP
940 1285 968 1339 iu
986 1301 1069 1353 marg.
1090 1314 1119 1325 -
1143 1284 1206 1336 249
1228 1284 1271 1336 τέ·

151 1388 231 1441 τρην·
249 1373 283 1439 A,
302 1372 387 1440 πέτρη
405 1371 480 1425 codd.
493 1371 559 1426 dett.
579 1375 606 1423 et
625 1369 683 1422 edd.
702 1372 949 1441 omnes31parepr)
968 1371 1032 1437 τόγε
1050 1370 1137 1438 πέτρη
1156 1369 1189 1433 A,
1207 1385 1271 1436 κρα-

151 1457 221 1526 τερή
234 1473 265 1507 τε
277 1473 310 1523 γε
323 1457 410 1525 πέτρη
428 1454 505 1509 codd.
524 1455 589 1516 dett.
607 1454 777 1524 (κρατερηΒ
795 1454 841 1523 qui
858 1472 891 1521 γε
909 1458 970 1522 cm.)
990 1458 1017 1507 et
1033 1453 1093 1508 edd.
1106 1457 1168 1506 ante
1184 1451 1274 1505 Herm.

151 1554 192 1592 uu.
210 1543 357 1595 ate-249
384 1539 496 1599 multum
518 1538 609 1604 vexati
632 1542 701 1590 suut.
720 1535 822 1590 οὔποτε
849 1538 935 1608 κόρση
961 1538 1063 1607 πέτρην
1086 1536 1193 1604 egregie
1222 1536 1274 1589 iam

153 1624 254 1677 Gesner
273 1623 426 1676 coniectura
444 1626 582 1675 assecutus
601 1627 649 1688 est,
668 1635 738 1690 quae
758 1627 847 1674 tamen
863 1635 951 1689 neque
971 1635 989 1674 a
1010 1620 1167 1689 Tyrwhitto‚
1186 1634 1273 1688 neque

152 1708 283 1762 aWieIIo
300 1708 438 1761 intellecta
457 1712 505 1760 est.
539 1705 647 1774 Tyruh.
665 1703 752 1758 locum
770 1705 808 1758 eie
820 1705 966 1772 constituit,
985 1705 1109 1772 stigmate
1127 1710 1189 1772 post
1207 1704 1274 1756 ἰδόν-

153 1810 206 1844 ταιν
224 1793 326 1860 posito:

318 1882 358 1936 Ἐκ
376 1884 492 1954 κεφαλῆς
512 1883 625 1950 ἐλάφοιο
645 1883 708 1951 φύει
725 1856 758 1951 γε
775 1883 824 1947 μέν
844 1883 876 1934 οὐ
895 1883 1081 1950 ποτὶ-κόρσην,

151 2099 224 2163 (ιΕκ
242 2098 331 2165 capite
356 2098 426 2151 cervi
452 2097 571 2151 nascitur
592 2096 714 2164 quidem,
738 2112 791 2149 non
819 2094 852 2149 ad
875 2100 1003 2161 tempora.
1036 2092 1088 2146 Sed
1106 2092 1275 2146 nihilominus

152 2183 220 2250 lapis
242 2191 282 2236 est
310 2185 354 2204 ”⁰
377 2189 405 2235 et
429 2182 551 2249 validus).
579 2182 709 2236 Nimirum
740 2187 801 2248 post
828 2180 937 2232 πέλεται
961 2177 1091 2231 excidisse
1115 2176 1275 2230 adiectIvum

153 2266 285 2335 quoddam
306 2285 329 2320 v.
348 2283 387 2335 gr.
406 2269 508 2337 σκληρή
528 2269 646 2336 putavit,
669 2269 743 2322 cuins
762 2268 820 2322 loco
838 2267 872 2319 ab
893 2264 1085 2332 interpolatore
1104 2263 1183 2317 metri
1200 2261 1275 2315 fulci·

154 2353 215 2406 endi
227 2368 307 2407 causa
322 2371 353 2405 τε
365 2370 398 2420 γε
410 2354 497 2423 πέτρη
514 2353 637 2408 adsutum
651 2353 739 2408 fuerit.
770 2352 847 2407 Unde
859 2350 998 2419 proiectus
1010 2349 1143 2404 Ruhnken
1156 2348 1193 2416 (in
1206 2347 1274 2402 Bihl.

153 2439 217 2492 crit.
231 2437 296 2492 VIII
308 2455 333 2506 p.
348 2442 394 2504 91)
415 2438 525 2491 πέλεται
543 2439 665 2507 κρατερὴ
684 2438 788 2507 στερεή
807 2454 837 2489 τε
854 2435 960 2503 scripsit
979 2433 1050 2503 quod
1068 2433 1101 2503 ab
1120 2434 1273 2487 Hermanno

152 2530 290 2591 receptum
301 2529 341 2576 est
353 2521 449 2577 collato
459 2526 541 2577 u568
553 2522 625 2575 ὥστε
637 2540 670 2574 σε
685 2523 772 2593 πάγχυ
784 2522 862 2573 lidos
876 2519 994 2588 στερεὴν
1008 2517 1148 2571 dicundae.
1174 2517 1273 2572 Obscu-

152 2623 211 2661 rum
229 2606 438 2660 additamentum
456 2606 489 2656 οό
509 2605 568 2658 ποτλ
586 2606 687 2675 κόρσην
711 2610 825 2673 (sueque
838 2619 900 2658 vero
920 2604 1067 2657 innascitur
1085 2604 1167 2670 capiti
1185 2609 1272 2669 petra,

153 2691 201 2745 sed
218 2697 309 2744 tamen
334 2690 401 2743 duro
424 2689 508 2757 lapidi
531 2689 633 2758 aliquid
656 2689 757 2743 simile«
782 2689 862 2741 vertit
880 2687 1025 2753 Eschenb.)
1042 2703 1059 2740 a
1076 2686 1158 2740 tantis
1177 2688 1276 2741 criticis

154 2776 284 2829 intactum
301 2773 423 2826 relictum
442 2788 499 2827 esse
517 2773 712 2828 miratusWiel
728 2790 754 2842 p.
767 2778 801 2828 40
818 2773 860 2827 hIs
879 2772 1018 2827 conatibus
1036 2771 1101 2824 nihil
1119 2771 1213 2840 profici
1232 2773 1276 2826 de·

154 2859 251 2914 clarat:
279 2857 359 2925 »quid
379 2859 449 2912 enim
467 2864 556 2926 potest
574 2859 691 2927 Ineptius
713 2859 765 2913 dici
785 2874 864 2926 quem
893 2873 1019 2912 cornua
1042 2872 1105 2911 non
1132 2857 1171 2911 ad
1195 2863 1275 2912 tem·

153 2960 234 3013 pora
256 2943 389 2997 bestiae
413 2948 602 2997 nascuntur
624 2950 733 2998 tamen
756 2943 940 2998 durissima
964 2948 1058 3006 sunt,
1084 2958 1164 3011 quum
1187 2943 1276 3011 potius

154 3029 354 3097 exspectaveris
372 3044 573 3098 quamquam
591 3027 631 3083 ad
649 3035 804 3096 tempora
825 3033 1013 3081 nascuntur
1036 3032 1147 3080 temen
1165 3028 1274 3082 duris-

153 3115 236 3172 sima
254 3122 361 3169 sunt«.
398 3115 466 3168 Tum
488 3114 588 3183 pergit:
615 3114 682 3168 »Sed
701 3113 788 3167 locum
806 3112 929 3180 grauiore
951 3111 1121 3179 corruptione
1146 3112 1276 3181 laborare,

154 3215 234 3268 quam
253 3205 283 3253 ut
301 3199 355 3253 leni
373 3197 491 3253 remedio
510 3198 598 3252 sanari
615 3198 708 3267 possit,
727 3198 770 3251 vel
787 3197 877 3251 hiatus
895 3196 974 3250 docet
992 3196 1019 3249 iu
1037 3197 1125 3265 πέτρη
1143 3197 1206 3249 ἀλλ’
1224 3215 1276 3254 non

154 3284 211 3336 siue
228 3284 344 3338 maxima
362 3281 508 3338 offensione
527 3283 665 3345 admissus,
689 3283 774 3336 solum
792 3282 820 3334 in
841 3282 892 3336 hoc
910 3280 1026 3335 carmine
1045 3281 1205 3349 exemplum,
1224 3300 1276 3352 quo

154 3366 234 3434 longa
244 3368 344 3422 uocalis
356 3369 383 3421 in
396 3368 506 3436 spondei
519 3369 589 3421 thesi
607 3374 670 3422 ante
683 3367 802 3421 vocalem
814 3367 947 3434 producta
959 3373 1072 3421 maneat.
1097 3367 1128 3420 In
1142 3384 1173 3423 eo
1187 3377 1276 3424 autem

155 3452 253 3519 codice,
272 3452 342 3506 unde
360 3452 421 3506 libri
433 3453 520 3507 nostri
532 3453 660 3520 orIginem
673 3452 817 3520 duxeruut,
841 3453 927 3521 πέτρη
946 3468 993 3506 suo
1013 3451 1071 3506 loco
1090 3467 1181 3507 errore
1200 3454 1276 3509 omis·

154 3551 212 3590 sum
230 3535 344 3603 margini
368 3537 520 3604 appositum
544 3535 625 3590 luisse
647 3537 766 3604 videtur,
791 3536 862 3590 unde
880 3553 896 3591 s
914 3537 1020 3591 librario
1045 3536 1135 3605 ailquo
1153 3538 1276 3604 imperito

113 3664 116 3669 .
153 3619 182 3672 in
206 3619 320 3688 puniam
348 3635 441 3674 versus
470 3619 560 3674 sedem
586 3626 725 3688 receptum
754 3628 802 3674 est.
857 3623 953 3690 ltaque
979 3622 1163 3690 persanaveris
1190 3621 1277 3676 locum

155 3703 306 3758 scribendo:

340 3786 370 3838 έκ
387 3790 507 3858 κεφαλῆς
525 3789 637 3857 ἐλάφοιο
656 3791 843 3857 φυτευόμενυν
862 3790 925 3843 aori
943 3789 1061 3860 κόρσην·

341 3873 404 3925 ἀλλ’
423 3874 507 3944 ἔμπης
524 3875 611 3944 πέτρη
632 3874 744 3927 πέλεται
763 3875 885 3945 κρατερὴ
904 3877 1007 3945 στερεή
1025 3893 1057 3928 τε

154 3989 232 4043 simul
254 3996 383 4063 commate
406 3997 467 4058 post
490 3993 601 4045 ἰδόντων
625 3992 721 4048 deleto.
762 3995 856 4047 Mens
881 3994 968 4056 enim
990 3995 1204 4064 coelestium,
1228 3997 1276 4051 in·

153 4074 228 4143 quit
254 4080 369 4143 poeta,
396 4074 626 4146 exhilaratur,
655 4094 753 4148 quum
783 4078 934 4133 artificis
957 4086 1106 4135 naturae
1131 4097 1214 4148 opus
1238 4098 1275 4137 ex
