2866 4620
651 313 886 377 ..150-

210 500 319 590 σχίσας
336 499 381 575 ελς
403 499 437 562 τὸ
453 498 641 583 καλούμενον
650 500 822 587 χαλκήσιον
837 497 978 585 ἐμβάλης
994 499 1050 561 σὺν
1067 498 1197 584 δέρματι
1213 503 1337 591 φώκης,

210 611 419 698 φυλακτήριον
449 608 535 672 ἔσται
556 610 698 694 ἄριστον]
728 611 777 673 καῖ
805 610 919 684 παντὸς
945 608 1085 672 κινδύνου
1113 612 1161 673 καὶ
1189 615 1338 695 ναυαγίου

208 719 345 807 ρύεσδαι
368 721 560 809 [ἀντιπάσχει
581 721 642 804 γὰρ
658 721 784 804 ἀνέμοις
798 721 932 783 κλύδωσι
947 722 996 783 καί
1010 721 1252 799 ἀκαταστασίαις
1266 747 1340 788 παν·

211 833 316 910 ποίαις]
340 833 389 895 καὶ
411 835 586 916 φαρμάκων
609 831 644 894 δέ
667 830 848 914 δανασίμων
871 834 920 895 καὶ
944 836 1085 914 μαγειῶν
1116 838 1226 895 πασῶν
1256 834 1339 897 ἀντί-

176 944 307 1006 5παλον
329 941 500 1027 πεφυκέναι
528 943 577 1004 καί
601 945 788 1026 μιασμάτων
819 944 942 1005 πάντων
957 944 1018 1005 ,καὶ
1048 942 1253 1025 καταδέσμων
1285 969 1338 1007 κα-

211 1050 383 1140 δαρτήριαν
406 1053 456 1114 καὶ
477 1053 587 1135 ὥσπερ
610 1052 777 1115 ἀντίλυτον.
800 1051 993 1135 κοπτόμενος
1016 1051 1052 1114 δὲ
1071 1053 1119 1115 καὶ
1135 1056 1182 1138 τῷ
1196 1053 1273 1140 σίτφ
1289 1058 1340 1119 καῖ

210 1167 285 1227 πᾶσι
308 1166 370 1236 τοῖς
394 1162 609 1247 σπειρομένοις
628 1163 815 1246 μιγνύμενος
830 1165 935 1227 πᾶσαν
954 1162 1083 1250 βλάβην
1098 1164 1160 1225 ἀπὸ
1176 1169 1231 1251 τής
1245 1166 1338 1249 ἀρού-

206 1296 270 1360 ρης
291 1274 441 1356 ἀπείργει.
465 1273 589 1357 λέγουσι
611 1274 648 1336 δὲ
670 1276 718 1336 καί
744 1274 863 1360 αάχμοῦ
892 1274 941 1336 καὶ
963 1274 1105 1360 χαλάζης
1134 1276 1183 1336 καὶ
1213 1279 1337 1340 πάντων

211 1389 272 1447 τῶν
288 1385 430 1448 τοιούτων
446 1385 669 1470 ἀποτρεπτικήν
693 1382 772 1471 ἔχειν
796 1383 933 1467 δύναμιν,
957 1383 1035 1446 ἀλλὰ
1056 1385 1104 1446 καὶ
1125 1390 1186 1446 τῶν
1209 1387 1337 1468 καταβι-

160 1509 192 1559 10
209 1493 421 1577 βρωσκιίντων
444 1495 567 1556 πάντων
590 1495 638 1556 καὶ
667 1494 900 1576 λυμαινομένων
930 1498 992 1566 τοῖς
1021 1493 1116 1579 ληίοις
1146 1494 1336 1559 ἀναλωτικάν

210 1606 259 1666 καὶ
278 1600 450 1689 φδαρτικὸν
467 1603 616 1684 γίνεσθαι,
639 1605 806 1688 σκωλήκων
831 1629 864 1668 τε
887 1606 935 1666 καῖ
961 1607 1039 1668 λιτῶν
1070 1607 1119 1667 καί
1149 1611 1210 1667 τῶν
1233 1605 1337 1668 ἄλλων

210 1713 335 1798 ἀερίων,
358 1713 508 1800 ἐρυσίβης
524 1716 571 1776 καὶ
586 1713 715 1798 ἀκρίδας
737 1717 785 1777 καὶ
806 1715 957 1803 βρούχου,
981 1715 1058 1777 ἀλλὰ
1080 1717 1129 1778 καί
1149 1715 1336 1779 αὐτῶντῶν

210 1826 400 1912 πρηστήρων
424 1826 473 1887 καὶ
495 1829 657 1908 κεραυνῶν
680 1826 743 1907 [καί
766 1823 798 1886 ἐν
829 1825 975 1907 ἀμπέλοις
1003 1825 1040 1887 δὲ
1070 1827 1119 1888 καὶ
1146 1825 1273 1888 ἐλαιῶσι
1301 1828 1335 1888 τὸ

211 1935 285 1998 αάτδ
309 1940 390 1998 ποιεῖ
409 1935 563 2018 σπαρείς],
586 1934 748 2018 πινόμενον
776 1933 813 1996 δὲ
837 1933 906 2015 μετ’
928 1933 1012 1998 οἴνου
1036 1934 1173 2017 ἀκράτου
1199 1935 1335 2017 μάλιστα

161 2059 192 2110 15
211 2047 455 2132 προφολακτικὸν
484 2044 637 2108 παντοίων
668 2047 845 2129 φαρμάκων
872 2042 1022 2125 γίνεσθαι.
1052 2046 1100 2106 καὶ
1129 2044 1251 2130 σπλήνα
1277 2046 1337 2128 μὲν

211 2157 294 2243 τήκει
318 2157 374 2219 σὺν
397 2154 485 2218 ὕδατι
508 2155 670 2237 πινόμενον
692 2155 843 2238 καὶπρὸς
865 2154 1030 2235 ἀναγωγαῖς
1052 2153 1180 2236 αἵματος
1202 2154 1334 2239 ἐνεργεῖ.

211 2266 386 2350 ἀναπληροῖ
405 2265 441 2327 δὲ
463 2266 511 2329 καὶ
534 2270 660 2346 σαρκῶν
682 2265 868 2346 κοιλώματα.

296 2373 412 2448 Δίδας
435 2376 594 2463 ἀχάτης.
618 2373 709 2448 οὗτος
736 2379 880 2448 παντοῖος
903 2374 961 2457 μὲν
990 2376 1045 2461 τήν
1069 2375 1217 2462 μορφήν,
1244 2377 1336 2439 πολυ-

303 2542 321 2590 4
343 2536 387 2589 καλ
404 2535 556 2605 φαρμάκων
577 2565 606 2575 -·
626 2539 642 2588 6
666 2536 808 2587 ἀντίλυτσν
827 2550 880 2587 om.
896 2535 930 2601 V,
948 2534 994 2601 qui
1011 2533 1105 2587 cadem
1123 2533 1183 2587 aliis
1201 2535 1290 2589 verbis
1306 2535 1334 2589 in

102 2662 105 2668 .
211 2620 267 2674 loco
285 2618 448 2687 interpolato
466 2634 551 2686 supra
568 2621 604 2686 (p.
625 2623 682 2681 149,
705 2622 747 2680 14)
764 2617 885 2684 protulit.
912 2646 945 2655 -
975 2618 1208 2687 6ἀντίλυτρσνΒ
1227 2635 1261 2672 ex
1279 2635 1337 2674 cor·

210 2705 335 2769 rectione,
354 2709 429 2771 puto,
447 2719 509 2756 nam
528 2703 676 2770 αντίλοτσν,
694 2702 766 2771 quod
785 2707 862 2754 extat
879 2701 907 2753 in
918 2704 952 2764 A,
970 2703 1102 2770 praebent
1115 2704 1282 2758 Litbicornm
1294 2720 1338 2759 co·

210 2789 283 2843 dices
300 2805 402 2843 ornnes.
421 2821 455 2828 -
478 2790 554 2840 6-8
572 2789 648 2842 Haec
665 2805 682 2843 a
698 2789 863 2851 κοπτόμενος
880 2804 965 2856 usque
978 2789 1013 2842 ad
1031 2790 1156 2859 ἀπείργει
1173 2806 1224 2844 om
1243 2791 1277 2858 V,
1295 2792 1340 2860 qui

209 2873 302 2927 eadem
320 2874 408 2926 verbis
427 2880 534 2927 tantum
552 2874 663 2927 variatis
681 2872 798 2939 exhibet,
816 2879 844 2925 et
855 2873 887 2939 B,
905 2872 953 2926 sed
971 2873 1014 2926 hic
1033 2873 1141 2941 quidem
1158 2876 1338 2944 neglegentia,

208 2964 275 3027 puto
282 2977 290 3020 ς
312 2974 373 3011 nam
396 2958 520 3011 carminis
540 2958 649 3027 Orphici
666 2959 769 3026 aliquot
791 2973 884 3012 versus
908 2957 1170 3013 circumscribuntur,
1198 2960 1335 3024 Vlibrum¹

209 3048 303 3113 utpote
320 3043 364 3096 hic
382 3042 489 3111 quidem
509 3043 716 3111 interpolatione
736 3045 852 3096 maxime
870 3043 1017 3109 foedatum,
1038 3047 1114 3112 sequi
1131 3044 1213 3098 nolui.
1246 3044 1337 3098 Habet

208 3143 271 3183 vero
289 3128 357 3182 haec
369 3144 403 3181 ex
416 3128 595 3196 Damigerone
614 3135 734 3196 sumpta:
754 3128 821 3181 ἀλλὰ
841 3129 884 3179 καὶ
901 3128 1030 3198 τριφδελς
1047 3130 1154 3188 λεπτῶς
1171 3130 1216 3181 καὶ
1231 3129 1337 3200 μιχδελς
1422 3131 1426 3139 “

207 3215 278 3278 μετὰ
296 3217 463 3282 σπερμάτων
484 3215 528 3266 καὶ
550 3216 666 3283 σπαρείς
684 3216 713 3266 ἐν
732 3219 769 3285 τῇ
787 3220 825 3285 γῇ
844 3215 998 3267 ἀπωθεῖται
1017 3214 1070 3266 ἀπὸ
1089 3219 1138 3282 τῆς
1154 3214 1280 3284 ἀρούρης
1290 3216 1338 3266 πᾶ-

209 3318 259 3350 σαν
277 3299 387 3372 βλάβην
406 3301 450 3352 καὶ
468 3300 558 3353 πάντα
572 3301 743 3368 φθοροποιὸν
753 3304 885 3370 χειμῶνα.
904 3331 935 3339 -
954 3303 989 3352 10
1007 3299 1092 3370 ληΐσις
1109 3299 1218 3367 scripsi;
1238 3299 1338 3370 ληΐνσις

210 3417 245 3486 V,
264 3419 336 3488 λήσις
359 3421 391 3486 A,
411 3420 499 3489 λήσις,
525 3439 533 3470 ι
556 3421 647 3472 littera
664 3435 779 3489 suprap
803 3419 891 3485 posita
908 3419 939 3472 Β.
964 3449 996 3459 -
1020 3419 1054 3471 12
1072 3418 1183 3488 βρόχου
1202 3418 1241 3485 A,
1265 3418 1336 3488 βρσο
1394 3430 1398 3437 ’

208 3505 240 3572 V,
259 3502 380 3573 βρούχης
398 3505 429 3580 Β.
457 3535 482 3543 -
509 3506 544 3556 12
567 3506 659 3556 αὐτῶν
679 3520 729 3557 om.
749 3504 785 3570 B,
804 3506 862 3554 τῶν
882 3520 933 3557 om.
951 3506 984 3557 A.
1009 3534 1043 3543 -
1069 3504 1104 3554 13
1123 3503 1167 3554 καὶ
1185 3519 1236 3557 om.
1259 3506 1288 3556 V.
1306 3533 1341 3544 -

208 3594 300 3647 12.13
319 3592 362 3643 καὶ
380 3592 409 3642 ἐν
428 3622 458 3630 -
478 3594 593 3662 σπαρείς
611 3592 683 3645 solus
700 3590 783 3644 habet
793 3592 824 3642 V.
848 3621 881 3629 —
903 3592 939 3641 14
957 3591 1046 3653 πινόμ.
1073 3619 1104 3628 -
1137 3589 1168 3642 17
1186 3587 1340 3652 κοιλώματα

209 3696 259 3733 om.
272 3678 304 3745 V,
323 3680 383 3732 vide
401 3694 483 3746 supra
506 3679 539 3731 ad
564 3695 590 3745 p.
612 3680 778 3744 149,16.-
799 3675 835 3726 14
853 3676 995 3738 πινόμενος
1012 3676 1045 3727 Α.
1071 3702 1106 3711 -
1133 3673 1168 3723 16
1193 3671 1341 3741 Sequentia

209 3764 369 3831 epitomator
393 3762 581 3816 eDioscoride
600 3761 720 3828 sumpsit,
743 3761 790 3813 cfr.
808 3760 897 3814 Diosc.
916 3760 949 3813 de
970 3766 1033 3813 mat.
1052 3758 1121 3811 med.
1133 3759 1159 3812 V
1177 3774 1203 3825 p.
1226 3761 1281 3812 806
1299 3757 1340 3812 ed.

210 3849 290 3901 Kithn
308 3849 408 3917 πληροῖ
424 3849 453 3900 δέ
471 3849 514 3899 καί
532 3846 684 3908 κοιλώματα
703 3846 770 3914 (scil.
789 3845 938 3911 corallium)
962 3846 1033 3914 πρός
1050 3863 1082 3896 τε
1102 3842 1217 3907 αἵματος
1235 3844 1339 3910 ἀναγω-

208 3933 258 4000 γὰς
275 3934 371 3992 ἱκανῶς
389 3937 500 4002 ἐνεργεῖ
515 3934 558 3985 καὶ
571 3935 752 4001 δυσουροῦσιν
771 3931 899 3999 ἁρμόζει·
918 3930 962 3982 καί
974 3930 1080 3997 σπλῆνα
1098 3930 1174 3998 τήκει
1191 3929 1241 3980 σὺν
1260 3927 1337 3980 ύδατι

210 4017 360 4081 πινόμενον.
380 4049 411 4057 -
429 4020 463 4070 16
482 4019 557 4087 τήλει
576 4018 755 4083 Β;πινόμενος
770 4017 803 4069 A.
831 4047 864 4057 -
893 4016 928 4067 17
948 4016 1061 4082 σαρκεῖν
1080 4014 1111 4067 Β.
1135 4045 1170 4054 -
1195 4015 1231 4066 18
1249 4014 1339 4068 Acha-

209 4111 253 4159 tae
271 4101 476 4169 descriptionem
495 4117 529 4155 ex
546 4103 569 4156 B
588 4101 671 4155 edidit
687 4101 808 4170 Tyruh.;
826 4101 961 4160 παντοίως
973 4100 1004 4154 V.
