2866 4620
623 329 834 392 ..69-

165 512 387 569 assidenadelio
406 519 514 568 secutus
531 511 603 567 Wiel
622 528 650 581 p.
668 515 716 567 λοι
744 509 837 580 »qnod
858 512 905 563 καί
924 529 966 565 τοι
987 512 1015 566 λιι
1038 511 1156 567 eiusdem
1178 511 1291 568 membri

165 603 244 668 parte
267 598 358 667 priore
381 599 434 652 iam
458 597 569 665 legitur3
595 602 738 667 practerea
760 596 789 650 in
811 594 890 650 simili
916 596 1167 654 sententiosas
1193 596 1288 668 [vulg]

165 689 248 752 poeta
266 683 374 750 scripsit
392 685 448 736 νῦν.
484 681 544 737 Hoc
561 697 594 736 ec
612 680 739 736 libentius
756 680 800 735 hic
817 679 898 734 etiam
922 679 1046 751 legerim,
1069 680 1140 752 quod
1164 682 1203 738 sic
1220 696 1290 737 com·

166 766 246 822 moda
264 766 397 836 quaedam
415 772 443 820 et
453 782 541 836 paene
553 767 706 822 necessaria
717 766 851 836 oppositio
864 766 957 821 existit
968 766 1002 822 ad
1014 782 1120 822 versum
1131 770 1182 822 333
1196 765 1288 837 [vulg]

165 851 229 906 ἀλλ’
247 851 308 922 ἤτοι
329 852 397 905 τάδε
414 852 463 916 μέν
476 854 520 905 καλ
534 852 663 905 έκαοτίκα
676 853 863 921 κειρηθήναιι.
874 881 906 893 -
926 851 1095 919 οδρανιόνονν
1107 853 1133 907 V
1145 858 1210 907 ante
1221 868 1289 908 corr.

164 965 198 977 -
216 937 275 989 881
292 938 449 1006 φθέγγομαι
467 936 505 989 ὦν
531 935 601 1002 nida
626 933 701 989 codd.
719 933 785 989 dett.
804 941 832 988 et
850 932 910 990 edd.
928 942 990 990 unte
1008 937 1114 1000 Herm,
1136 938 1290 1008 φθέγγομαι

166 1024 221 1075 τῶν
241 1019 309 1087 αἶψα
328 1023 367 1083 A,
388 1020 546 1087 φθέγξομαι
563 1020 631 1074 coni.
649 1019 755 1088 Steph.,
779 1021 941 1089 φθέγγωμαι
957 1021 1075 1090 Tyrwh„
1100 1021 1171 1092 quod
1190 1022 1288 1078 setim

163 1106 186 1161 si
204 1109 262 1159 τῶν
282 1104 378 1160 deinde
396 1105 536 1170 scribatur,
555 1120 681 1159 numeros
698 1105 851 1173 elegantes«
870 1105 977 1160 minima
995 1105 1126 1174 praebere
1141 1104 1210 1161 dixit
1220 1109 1288 1164 Her·

162 1207 251 1246 mann.
280 1191 374 1246 Mirati
392 1206 483 1245 sumus
505 1190 557 1244 hoc
574 1190 624 1243 viri
646 1190 869 1258 praestantissimi
893 1190 1021 1246 iudicium
1040 1197 1070 1245 et
1087 1206 1137 1259 ego
1155 1191 1183 1245 in
1200 1193 1287 1262 Epist

162 1294 189 1347 p.
205 1280 237 1332 13
255 1282 283 1330 et
301 1276 372 1332 Wiel
390 1292 417 1344 p.
429 1280 472 1344 25,
491 1277 536 1344 qui
553 1281 626 1329 recte
644 1276 806 1343 φθέγγομαι
823 1279 878 1328 τῶν
897 1275 966 1342 alda
985 1276 1115 1344 praetulit
1133 1277 1214 1330 etium
1231 1277 1288 1332 hia·

164 1370 209 1418 tus
226 1363 329 1418 vitandi
347 1378 437 1417 causa
474 1362 611 1416 Hermann
634 1360 788 1430 φθέγξομαι
811 1360 849 1413 ὦν
867 1360 916 1431 ἦγ’
939 1360 1009 1427 αἶψα
1031 1360 1151 1429 scripsit,
1176 1361 1222 1416 ubi
1239 1362 1287 1433 ἦγ’

162 1446 229 1500 nihil
250 1445 404 1500 offensionis
429 1444 529 1499 habere
553 1444 621 1498 dixit
646 1445 725 1498 »licet
747 1448 806 1496 τοῖο
830 1444 917 1496 λίθοιο
940 1445 1127 1512 praecesserit.
1161 1445 1231 1500 Nam
1248 1447 1287 1503 sic

162 1533 244 1587 etiam
260 1531 333 1600 alibi,
351 1539 381 1586 ut
399 1547 423 1586 τ.
436 1534 485 1587 267
506 1530 617 1601 [vulgis
644 1529 756 1583 Tradita
773 1528 855 1582 verba
873 1529 942 1582 male
960 1528 1119 1598 intellegens
1137 1530 1170 1584 de
1188 1530 1286 1588 lacuna

162 1618 234 1671 circa
250 1616 322 1670 hunc
340 1631 445 1670 versum
461 1615 619 1684 cogitavisse
633 1614 739 1668 videtur
756 1614 857 1682 Steph,
876 1615 952 1668 curius
969 1614 1037 1669 haec
1055 1623 1097 1669 est
1114 1622 1192 1671 nota:
1218 1614 1286 1672 »Sed

160 1701 208 1757 illa
225 1701 315 1769 verba,
333 1702 362 1756 τί
374 1701 417 1753 καὶ
435 1701 517 1754 πλέον
537 1699 710 1768 οὐρανιώνιον
729 1697 891 1768 φθέγξομαι,
907 1700 996 1755 fatcor
1007 1717 1050 1754 me
1062 1700 1096 1756 ad
1110 1701 1220 1756 verbum
1232 1718 1285 1757 non

161 1792 276 1855 vemens,
295 1785 366 1855 quod
384 1802 466 1856 quum
484 1785 519 1839 ad
537 1785 647 1839 verbum
665 1791 773 1839 sonent:
801 1785 885 1852 Quid
902 1786 1046 1855 amplius
1063 1787 1115 1842 vel
1133 1788 1285 1842 ulterius

162 1870 376 1928 coelestibus
399 1872 521 1938 dicam,
545 1873 596 1924 noc
614 1876 702 1923 tamen
721 1869 884 1938 significent:
913 1871 947 1926 si
967 1886 1283 1935 commemoravero,

160 1963 263 2027 quanta
287 1957 322 2011 sit
348 1958 405 2011 eius
428 1957 500 2025 apud
526 1957 599 2025 ipsos
622 1955 703 2009 etiam
729 1955 810 2009 deos
837 1957 1030 2009 auctoritas
1048 1956 1102 2024 (vel
1125 1964 1283 2025 quantum

160 2042 237 2097 eius
254 2058 334 2111 erga
352 2042 432 2096 deos
450 2041 571 2110 robur)
589 2040 773 2095 addendumne
792 2039 934 2109 quicquam
951 2040 1067 2094 fueriti«
1080 2070 1114 2082 -
1132 2043 1195 2094 382
1215 2042 1283 2113 ἦτορ

161 2129 320 2197 έπιγνάκτέι
331 2129 369 2190 Α;
388 2126 464 2195 δφρα
475 2130 562 2180 κισεῖο
576 2127 639 2189 BV,
656 2125 732 2195 δφρα
745 2143 776 2177 κέ
794 2125 860 2194 τελλ,
877 2124 953 2193 δφρά
966 2144 998 2177 κε
1016 2126 1075 2181 edd.
1088 2126 1150 2181 iude
1163 2143 1179 2181 a
1191 2126 1283 2198 Steph.

159 2243 192 2256 -
204 2229 245 2268 vv.
258 2217 394 2269 333-336
406 2229 457 2266 om.
469 2214 495 2266 A
506 2211 533 2266 in
546 2213 650 2266 lacuna.
664 2242 693 2251 -
707 2211 771 2263 383
787 2210 841 2266 ὥτε
853 2210 908 2264 Pal.
916 2230 923 2273 ;
942 2209 1046 2277 ἐέλδωρ
1064 2210 1116 2264 ΒΡ
1125 2211 1213 2266 PalV
1224 2213 1284 2282 ail;

159 2298 325 2352 ἐκτελέσωσι
347 2298 511 2353 ΜΡΡεΠ
535 2303 563 2351 et
585 2297 645 2353 edd.
668 2305 731 2352 unte
755 2297 859 2364 Hem,
887 2295 1067 2348 ἐκτελέσωσιν
1087 2297 1110 2351 Β
1134 2297 1225 2352 Herm.
1250 2329 1282 2340 -

159 2385 226 2437 384
242 2385 372 2452 incuriae
390 2384 421 2437 B.
440 2414 471 2424 -
491 2384 554 2435 336
573 2384 617 2436 καὶ
634 2383 692 2452 γάρ
710 2401 755 2448 μοι
774 2382 850 2437 codd.
870 2390 898 2434 et
915 2382 975 2436 edd.
992 2389 1058 2436 ante
1075 2383 1166 2438 Herm.
1183 2386 1283 2441 Prono-

156 2468 236 2524 minis
258 2487 303 2536 μοι
324 2469 531 2538 geminationem
556 2476 709 2536 suspectam
730 2467 824 2520 habuit
842 2466 1005 2534 Stephanus3
1028 2486 1071 2520 τοι
1092 2468 1198 2536 scripsit
1215 2470 1282 2524 Ηετ

157 2570 238 2611 mann
256 2571 306 2623 pro
324 2554 415 2623 priore
433 2571 478 2619 μοι
497 2570 531 2608 ex
549 2553 690 2621 Tyrwhitti
712 2554 879 2620 coniectura,
903 2552 973 2620 quod
991 2554 1076 2607 invita
1093 2558 1226 2610 sententia
1243 2557 1282 2612 fa·

157 2647 230 2696 ctum
249 2654 307 2693 ease
325 2641 415 2694 nescio
439 2655 492 2708 quo
515 2639 572 2692 iure
592 2637 736 2692 affirmavit
754 2636 824 2692 Wiel
841 2655 868 2706 p.
887 2641 934 2700 25.
958 2637 1004 2691 ubi
1022 2639 1181 2694 vocabulum
1199 2640 1282 2708 epicis

156 2741 210 2781 non
222 2725 350 2780 usitatum
364 2724 597 2788 συνεπισπόμενος
607 2722 789 2791 reponendum
801 2736 859 2777 esse
871 2722 947 2777 dixit.
957 2753 988 2763 -
1003 2724 1067 2777 888
1081 2721 1211 2788 ὤμοισιΑ
1220 2726 1281 2780 ΜΡ

155 2810 247 2867 PaLV
266 2817 293 2864 et
311 2811 370 2865 edd.
389 2816 453 2864 ante
465 2810 565 2878 Herm,
583 2807 693 2873 ὤμοισιν
708 2809 752 2879 [Β]
764 2809 868 2874 Hem,
886 2810 1118 2876 κρατεροῖσινέονν
1131 2813 1164 2872 A,
1182 2829 1280 2879 κρατε·

154 2900 246 2966 ροῒσιν
266 2897 317 2948 ἐὼν
337 2896 394 2950 rell.
409 2895 484 2950 codd.
505 2902 533 2948 et
551 2895 610 2950 edd.
630 2900 692 2949 ante
704 2894 804 2964 Steph,
823 2894 933 2963 quillis
952 2894 1073 2963 scripsit,
1091 2901 1145 2949 τῶν
1164 2913 1213 2964 pro
1232 2895 1280 2948 λών

154 2981 262 3037 videtur
278 2982 423 3037 coniecisse
442 2982 592 3048 Escheub.,
616 2982 662 3051 qui
684 2983 738 3035 iam
755 2988 818 3034 aute
836 2980 984 3035 Gesnerum
1001 2981 1083 3037 vertit
1104 2981 1147 3035 »in
1164 2981 1280 3036 robustis

154 3066 273 3121 humeris
291 3067 344 3121 lert
361 3067 462 3121 variam
480 3068 596 3121 harum
615 3082 723 3120 rerum
744 3067 910 3120 materiam«.
932 3069 1093 3135 κρατεροῖσι
1110 3067 1192 3121 λλθονν
1212 3067 1279 3123 coni.

155 3151 271 3220 Tyruh,
288 3152 392 3221 recepit
409 3152 554 3206 Hermann.
571 3153 652 3219 φέρει
670 3151 742 3218 ΑΜ,
761 3157 789 3204 et
806 3150 910 3219 Tyrwh.
926 3151 1018 3204 Herm.
1036 3167 1071 3205 ex
1089 3150 1200 3205 Gesneri
1218 3168 1279 3207 con·

153 3236 264 3299 iectura,
282 3238 363 3304 φέροι
380 3237 437 3290 τελλ.
458 3237 533 3291 codd.
552 3244 580 3291 et
598 3236 658 3290 edd.
678 3267 709 3276 -
736 3237 799 3288 389
819 3239 879 3289 σεῖο
897 3237 924 3288 δ’
945 3235 985 3289 ἔτι
1003 3237 1115 3306 κραδίην
1133 3236 1235 3290 κλονέει
1253 3240 1278 3293 Δ

154 3321 194 3388 (δ’
212 3320 252 3374 ἔτι
271 3322 353 3375 ctiam
365 3322 414 3391 Μ),
433 3337 513 3390 quam
525 3322 683 3390 scripturam
696 3321 908 3376 recordationem
922 3337 1095 3391 eorumquae
1113 3323 1141 3376 in
1153 3323 1279 3378 carminis

155 3406 299 3475 hypothesi
313 3407 346 3460 dc
358 3412 456 3473 poetae
469 3422 528 3459 cum
541 3405 655 3459 dracone
667 3420 758 3474 pugna
770 3411 921 3475 narrentur,
939 3406 1017 3475 longe
1035 3406 1173 3461 fortiorem
1185 3415 1213 3462 et
1224 3414 1278 3465 cla·

152 3491 251 3546 riorcm
269 3491 391 3559 reddere,
408 3507 489 3561 quam
511 3491 673 3545 deteriorum
690 3499 800 3559 praeter
817 3491 846 3544 M
866 3491 987 3546 codicum
1006 3499 1033 3547 et
1051 3492 1167 3546 omnium
1185 3492 1276 3548 editio·

151 3593 216 3631 num
234 3578 394 3646 scripturam
414 3579 475 3630 σελσ
493 3578 523 3629 δέ
541 3594 582 3629 τοι
600 3578 705 3630 κλονέει
725 3578 847 3648 κραδίην,
863 3577 891 3630 in
909 3578 995 3646 Epist.
1013 3595 1039 3647 p.
1061 3583 1091 3634 13
1110 3577 1174 3631 dixi.
1193 3577 1218 3629 δ’
1238 3577 1277 3632 έτι

153 3662 299 3716 coniecisse
323 3662 430 3716 videtur
451 3662 504 3716 iam
522 3661 655 3716 Eschenb.
680 3662 726 3730 qui
750 3663 831 3715 vertit
858 3662 1015 3731 »Tuumque
1038 3680 1085 3718 cor
1107 3663 1197 3717 turbat
1219 3662 1276 3717 ad·

150 3747 246 3800 huc«.
261 3777 289 3786 -
305 3749 384 3811 δεῖμα
396 3764 445 3817 pro
458 3750 564 3815 δέργμα
577 3747 644 3802 coni.
655 3746 765 3800 Pierson
777 3745 804 3800 in
813 3747 900 3802 Veris.
910 3765 937 3817 p.
948 3752 989 3816 50,
1001 3748 1147 3817 ingeniose,
1159 3749 1206 3805 sed
1218 3750 1275 3807 sine

151 3845 244 3899 causa,
262 3839 293 3885 ut
311 3838 384 3886 recte
402 3832 535 3887 intellexit
552 3832 661 3886 Gesner.
683 3862 711 3870 -
737 3832 801 3884 340
819 3833 926 3895 δειέμεν
939 3834 1011 3895 ΑΜ,
1030 3835 1052 3888 Ρ
1069 3834 1097 3887 in
1113 3840 1199 3903 textu,
1217 3835 1273 3891 Pal.

151 3917 181 3969 in
198 3930 291 3982 marg,
304 3915 337 3978 V,
356 3918 463 3986 δμέμέν
482 3917 557 3977 ελοθς
567 3916 600 3980 Β,
619 3915 770 3969 δεδιέναιΡ
788 3915 815 3969 in
826 3932 919 3985 marg,
933 3917 989 3970 Pal.
1008 3919 1036 3972 in
1047 3923 1133 3987 textu,
1151 3919 1274 3986 δειδέμεν

151 4014 186 4054 ex
205 3999 346 4069 Tyrwhitti
364 4000 518 4058 coniectura
534 4004 637 4071 recepit
649 4003 739 4056 Herm.
757 4031 790 4041 -
808 4002 864 4054 341
883 4002 983 4069 τρίψας
996 4004 1027 4057 M
1031 4024 1040 4068 ,·
1059 4004 1165 4059 καλκλιο
1177 4006 1200 4060 P
1211 4014 1274 4061 ante

150 4101 234 4154 corn,
256 4083 352 4138 κεκλεο
371 4100 395 4139 a.
418 4117 444 4125 -
475 4087 539 4140 342
556 4088 588 4158 ἣν
607 4088 643 4157 Β,
666 4088 688 4141 Ρ
706 4092 769 4142 ante
787 4100 869 4154 corn,
891 4089 952 4157 aii,
979 4092 1128 4159 κρατεροῖο
1146 4090 1209 4144 ΒΜ
1219 4091 1274 4145 PV
