2866 4620
604 337 816 404 -55-

150 519 266 573 scribere
284 525 443 586 argumenta
460 533 477 573 a
495 519 593 574 Wielio
612 525 705 574 contra
723 518 877 589 Tyrwltitti,
895 522 925 572 ut
942 517 1070 586 putebat,
1094 519 1274 575 coniecturam

150 607 284 669 congesta.
318 601 360 655 Ne
378 608 469 656 autem
487 600 521 656 de
538 608 624 657 metro
642 602 772 657 sollicitus
795 604 840 667 sis,
863 602 924 671 lege
939 601 1087 657 Hermauui
1105 603 1202 657 rerba:
1226 604 1276 657 »In

149 687 270 754 longiore
288 685 418 741 vocabulo
438 686 542 742 facilius
565 688 646 742 etiam
668 688 832 742 recentiores
852 687 973 741 ultimam
990 687 1098 741 brevem
1115 688 1143 740 in
1161 699 1274 742 caesura

149 771 331 841 producunta;
349 769 396 825 cfr.
410 772 491 826 etiam
503 770 538 825 ad
550 788 573 826 r.
587 776 629 826 35.
640 802 675 811 -
686 772 742 824 185
756 771 868 842 ἑταίρας
881 772 903 826 Ρ
920 783 984 826 ante
997 787 1074 834 corr..
1092 772 1192 843 ἐτέρας
1210 773 1275 836 ndi·

150 855 194 907 λον
219 852 319 922 φλογός
342 854 363 906 Ρ
386 861 548 923 postcom,
571 855 629 909 rell.
648 853 723 910 codd.
743 870 835 910 omnes
859 861 887 909 et
909 855 969 910 edd.
987 859 1049 909 ante
1065 855 1157 910 Herm.
1176 850 1276 926 quiex

150 939 291 1008 Tyrwhitti
309 940 492 993 emendatione
511 940 616 1008 φλόγας
633 941 741 1008 scripsit
763 941 841 1005 (νΗίε
858 955 937 1009 mage
955 955 1008 994 uon
1025 940 1092 1011 alias
1109 939 1269 1010 flammasr);

150 1026 239 1077 τοίνυν
258 1039 307 1091 pro
326 1024 414 1091 τοίαν,
439 1024 511 1093 quod
527 1024 593 1077 mihi
612 1040 718 1093 quoque
741 1024 878 1092 displicet,
900 1024 954 1093 legi
973 1025 1080 1079 volebat
1098 1027 1175 1081 Geso.
1207 1026 1276 1081 »Soti

150 1108 246 1163 ieiellit
263 1108 334 1163 viros
352 1107 519 1164 doctissimos
536 1109 623 1163 rarior
640 1109 684 1162 hic
701 1110 819 1177 genetivi
837 1125 901 1163 usus
922 1115 949 1162 et
967 1115 1096 1178 potestas,
1121 1125 1174 1178 qua
1193 1110 1276 1164 dativi

150 1192 344 1263 quodammodo
363 1193 420 1246 vice
438 1194 514 1262 iungi
526 1192 644 1255 videtum
665 1193 788 1261 exempla
804 1193 912 1260 collegit
924 1193 1023 1247 Matth.
1038 1193 1082 1247 Gr.
1096 1193 1141 1247 Gr.
1153 1193 1181 1246 11
1195 1196 1211 1262 ᾗ
1224 1197 1276 1250 375

149 1281 177 1333 in
196 1277 292 1347 quibus
310 1278 442 1332 simillima
464 1278 591 1347 leguntur
611 1279 692 1333 haec:
716 1280 793 1335 Hom.
812 1279 950 1344 115415
970 1283 1072 1347 πρῆσαι
1089 1279 1175 1347 πυρὸς
1193 1276 1277 1347 inicio

149 1364 278 1433 θύρετρα
299 1365 345 1418 csr.
365 1366 454 1423 <331-
474 1363 521 1420 od.
540 1366 567 1433 ,5.
585 1368 626 1420 23.
645 1365 675 1418 Il.
694 1384 721 1434 η.
738 1369 790 1419 410
810 1366 897 1434 πυρὸς
913 1364 1085 1429 μειλισσέμεν
1105 1363 1169 1415 ὦκα.
1189 1358 1274 1423 {508

149 1449 279 1502 λούεαιλαι
299 1454 439 1514 ποταμοῖο.
458 1451 506 1504 cir.
525 1468 539 1502 ε
557 1454 582 1506 6.
626 1450 722 1519 Itaque
740 1451 819 1504 motio
839 1450 936 1519 ἑτέρης
955 1449 1100 1516 εειί5ε5ιιι,
1126 1447 1275 1502 mutatione

150 1534 223 1588 nulla
241 1550 309 1602 opus
327 1539 375 1588 est.
411 1534 550 1590 Sententia
568 1535 638 1589 enim
655 1536 724 1589 haec
742 1542 795 1591 est:
823 1536 915 1604 itaque
934 1518 1057 1604 equidem
1075 1540 1142 1602 puto
1160 1550 1203 1588 me
1222 1549 1276 1589 non

150 1618 210 1672 aliis
232 1618 322 1686 petius
339 1615 452 1672 flammis
471 1619 511 1672 dis
532 1625 587 1672 tom
611 1626 690 1687 grata
713 1635 789 1674 sacra
807 1619 963 1674 comburere
985 1634 1064 1687 quam
1084 1618 1185 1674 hisce«.
1205 1618 1275 1680 Wiel

150 1720 176 1771 p.
196 1706 236 1757 87.
259 1703 363 1754 -188
383 1702 496 1766 ἔλπομαι
514 1702 600 1771 ἔγωγε
617 1702 685 1757 BV.
705 1703 805 1768 ἔλπομ’
824 1705 845 1757 Ρ
865 1703 923 1757 ait.
944 1734 974 1743 -
995 1704 1050 1755 186
1070 1703 1224 1763 ἀθανάτους
1241 1704 1276 1766 Α,

150 1787 227 1840 mele.
240 1787 342 1838 -187
358 1786 399 1838 ἔτι
415 1804 458 1839 τοι
471 1789 504 1850 A,
523 1786 563 1839 ἔτι
576 1806 620 1839 σοι
637 1788 712 1842 codd.
726 1787 791 1840 dett.
811 1794 838 1841 et
857 1788 916 1842 edd.
936 1802 1035 1842 omnes.
1055 1788 1182 1854 πιφάσκω
1200 1786 1276 1843 codd.

151 1871 216 1924 dett.
236 1870 298 1939 aii,
317 1871 460 1937 πιφαύσκω
472 1872 498 1923 Α
510 1871 601 1938 Steph.
614 1877 642 1923 et
655 1871 712 1924 rell.
729 1871 788 1925 edd.
819 1872 897 1925 Hunc
915 1887 1021 1925 versum
1039 1871 1077 1925 sic
1088 1872 1170 1925 vertit
1182 1870 1275 1925 tieem:

154 1955 317 2009 »Praeterea
335 1961 362 2008 et
379 1956 431 2009 hcc
453 1956 580 2009 amicus
602 1955 759 2009 miraculum
777 1971 903 2022 magnum
921 1955 970 2007 tibi
988 1971 1084 2008 narro«
1109 1955 1277 2023 vituperatus
1326 1993 1328 1998 ·

151 2038 185 2094 ob
203 2039 230 2093 id
250 2055 266 2092 a
284 2039 406 2094 Koehnie
425 2038 460 2093 ad
478 2039 558 2108 Greg.
577 2041 636 2094 Cor.
655 2056 681 2108 p.
699 2044 740 2094 48.
763 2072 788 2080 -
816 2040 873 2092 188
893 2041 975 2095 αὐτὸν
994 2038 1069 2094 codd.
1091 2045 1118 2092 et
1135 2037 1194 2092 edd.
1213 2045 1276 2093 ante

150 2124 242 2178 Herm.
262 2125 308 2191 qui
331 2123 442 2177 Gesneri
467 2123 646 2178 coniecturam
670 2140 750 2192 quam
770 2125 876 2193 Tyrwh.
901 2124 959 2177 iure
984 2124 1071 2177 minus
1098 2122 1277 2177 necessariam

151 2208 232 2274 dixit,
253 2208 348 2275 αὐτὸς,
372 2208 475 2276 recepit
494 2208 599 2277 [quod
623 2208 683 2262 ille
702 2209 783 2262 vertit
804 2209 858 2262 iam
875 2208 1030 2276 Eschenb.].
1067 2208 1099 2260 ln
1117 2208 1143 2260 A
1161 2208 1275 2262 fortasse
1315 2281 1317 2286 Α

151 2295 179 2346 in
197 2308 291 2347 rasura
309 2298 350 2346 est
368 2311 381 2343 ν
400 2293 428 2346 in
446 2293 536 2346 αὐτόν.
557 2325 592 2333 -
618 2295 687 2354 ὅςπις
704 2294 759 2348 Pal.
778 2296 818 2359 V,
841 2294 895 2354 ὅςτι
913 2295 944 2347 Β.
971 2323 1002 2333 -
1030 2293 1086 2346 189
1101 2292 1227 2361 ἁρπάξας
1244 2292 1276 2354 Β,

152 2377 279 2448 ἁρπάξας
302 2378 361 2432 PV
381 2379 441 2444 ais,
466 2378 600 2448 ἁρπάξαις
621 2381 657 2447 [Α
668 2380 699 2431 Μ
710 2380 778 2449 Pal]
801 2380 894 2448 steph.
912 2379 969 2432 rell.
992 2377 1051 2432 edd.
1072 2376 1202 2448 ἁρπάὲῃς
1226 2391 1276 2444 ego

151 2463 253 2530 scripsi,
267 2463 330 2530 quia
343 2460 490 2530 postoima
508 2479 613 2531 semper
625 2469 716 2518 noster
728 2465 924 2518 coniunctivum
937 2464 1084 2532 usurpavit.
1107 2465 1172 2516 Post
1184 2479 1208 2514 v.
1220 2461 1277 2513 190

151 2547 246 2601 titulus
263 2548 290 2599 in
303 2547 325 2599 B
344 2547 407 2616 περὶ
423 2548 586 2616 γαλαιτίτου
605 2548 694 2614 litem
712 2549 739 2601 in
751 2549 781 2601 M
796 2549 953 2616 γαγαλίτης;
970 2548 998 2601 iu
1009 2549 1031 2602 P
1049 2548 1102 2601 eis
1115 2545 1275 2616 γαλατίτηςς

152 2635 180 2686 in
199 2634 254 2685 Pal.
269 2631 291 2683 V
310 2631 374 2699 περὶ
390 2631 550 2698 γαλατίτοος
569 2632 597 2684 in
615 2630 706 2698 Steph.
720 2631 801 2685 Esch.
813 2631 893 2684 Gesn.
910 2632 1084 2699 yolaarirp33
1103 2646 1156 2684 om.
1168 2625 1277 2682 titulum

153 2719 179 2771 A
197 2716 301 2784 Tyrwh.
320 2717 411 2769 Herm.
430 2746 463 2756 -
489 2719 537 2769 191
558 2717 700 2787 εὐχομένω
719 2717 751 2770 Α.
770 2717 838 2768 λαάν
859 2718 890 2768 Α.
909 2746 943 2755 -
959 2717 1016 2769 192
1035 2717 1075 2768 tur
1093 2715 1174 2767 πλέον
1193 2716 1226 2767 A.
1243 2743 1277 2754 —

154 2802 210 2855 193
224 2801 262 2868 μὴ
280 2800 362 2860 κάδος
379 2800 434 2853 ais.
454 2831 485 2840 -
509 2802 566 2854 194
586 2804 729 2872 ἀνακτίτην
747 2803 772 2854 A
789 2802 819 2854 M
838 2801 892 2864 (hic
910 2816 944 2855 ex
962 2801 1111 2865 ἀνακτῖτιν)
1135 2805 1162 2854 et
1186 2798 1277 2851 Herm.

155 2888 287 2939 ἀναιτίτιν
308 2885 432 2940 BPPal.
447 2885 470 2938 V
489 2895 517 2938 et
535 2887 594 2941 edd.
612 2893 675 2940 ante
697 2887 789 2940 Herm.
808 2886 951 2954 ἀναγιίτην
970 2885 1037 2939 coni.
1050 2885 1160 2940 Salmas.
1178 2881 1212 2936 ad
1232 2873 1277 2936 So·

153 2973 236 3026 linum
254 2989 279 3040 p.
298 2973 353 3028 97a
371 2972 395 3024 D
420 2977 463 3023 net
481 2971 554 3024 illam
572 2972 690 3041 ἀνάγκην
709 2988 725 3025 a
742 2971 904 3025 carminibus
924 2971 1042 3039 explicat
1059 2988 1084 3039 p.
1105 2974 1179 3026 264a
1196 2966 1229 3020 A.
1247 2968 1277 3018 it.

154 3057 237 3113 768b.
256 3058 283 3112 G.
300 3059 349 3112 Da
372 3059 467 3113 (iesu.
486 3059 694 3112 ananchiten
713 3058 794 3112 tacite
820 3058 926 3127 scripsit
949 3055 1081 3111 Escltenb.
1102 3054 1278 3110 inversione.

154 3143 306 3213 λνακτήτην
326 3143 591 3198 conciliatorem
610 3157 668 3197 esse
686 3143 771 3196 voluit
789 3143 868 3197 Gesn.
888 3157 920 3196 ea
938 3140 1132 3210 significatione
1150 3154 1204 3208 qua
1221 3137 1277 3190 Xe-

153 3228 261 3295 nophon
283 3229 350 3282 dixit
367 3230 395 3282 in
414 3229 510 3297 (lyrop.
533 3234 554 3296 1,
573 3233 598 3292 3,
617 3233 633 3283 9
654 3229 697 3281 ἵνα
718 3229 790 3297 κάγὼ
812 3227 1007 3297 ἀναντήσωραί
1023 3245 1062 3279 σε.
1099 3225 1147 3278 νΙιι
1165 3222 1278 3279 eandem

154 3314 313 3369 conciliandi
325 3321 353 3368 et
364 3314 501 3383 obligandi
513 3314 674 3368 sententiam
686 3315 776 3367 malim
793 3314 939 3382 ἀναρτίτην
958 3312 992 3366 ab
1010 3312 1140 3380 ἀναρτάω
1152 3309 1274 3368 ductumr

157 3399 205 3453 cfr.
224 3400 291 3453 Xen.
310 3399 407 3468 Cyrop.
425 3400 438 3452 I
457 3405 481 3452 4.
502 3404 514 3453 1
534 3401 603 3471 ταχὺ
623 3399 653 3452 δὲ
671 3400 734 3458 τοὺς
746 3399 868 3466 πατέρας
885 3397 977 3448 αὐτῶν
1000 3396 1137 3465 ἀνήρτητο
1155 3393 1274 3462 προσιών

155 3484 315 3540 et112.29
334 3485 402 3554 ποίῳ
420 3484 488 3536 ποτέ
506 3502 538 3535 σε
557 3483 629 3554 ἔργῳ
647 3487 662 3536 ὁ
679 3483 750 3551 ἀνὴρ
768 3481 850 3541 οὗτος
868 3481 1032 3552 ἀνήρτηται;
1049 3479 1077 3533 td
1095 3479 1165 3532 enim
1183 3476 1278 3530 melius

155 3576 312 3637 argumento
337 3569 460 3622 carminis
485 3569 627 3622 convenire
645 3568 765 3633 ridetur,
793 3582 845 3634 quo
874 3567 1024 3635 ἀνάρτησις
1046 3564 1092 3617 illa
1115 3576 1279 3638 gemmarum

155 3669 238 3722 saepe
256 3654 471 3721 commendatur,
496 3659 527 3707 ut
545 3653 578 3707 de
596 3653 655 3721 ipso
674 3652 801 3720 galactite
819 3651 888 3705 inv.
907 3653 973 3703 292«
992 3647 1078 3702 Wiel
1096 3663 1123 3715 p.
1135 3650 1176 3700 98.
1205 3644 1279 3698 Reti-

155 3737 202 3790 nui
221 3737 373 3808 ἀνακτίιην,
391 3738 463 3806 quod
479 3738 560 3791 etiam
578 3738 606 3790 in
618 3737 743 3790 carminis
755 3736 839 3789 nostri
851 3736 935 3802 iente,
951 3733 979 3786 in
991 3732 1169 3799 Damigerone
1181 3743 1279 3798 graeco

156 3821 285 3889 scriptum
303 3822 385 3875 tuisse
409 3820 486 3875 tidem
512 3821 576 3875 facit
600 3822 686 3875 iernra
710 3819 887 3874 amathites
909 3821 937 3872 in
955 3817 1141 3885 Damigeronis
1159 3813 1279 3867 versione

157 3907 242 3959 latina
262 3907 318 3972 (cir.
337 3913 460 3960 auctor
479 3913 506 3960 et
524 3907 663 3970 author,
681 3905 796 3971 similia).
819 3935 852 3944 -
876 3905 931 3957 196
946 3902 1110 3966 ἀζόμενοιΔ
1123 3901 1152 3953 Β.
1171 3898 1279 3951 -197

156 3990 186 4043 οἵ
200 3993 230 4043 δ’
249 3989 305 4060 ἄρα
323 3993 363 4057 A,
389 3991 417 4043 vi
435 3993 464 4043 δ’
483 3990 538 4060 ἄρα
561 3992 651 4046 Herm.
671 3992 716 4059 qui
738 3994 861 4044 annotat:
886 3989 954 4042 »Pro
975 3987 1021 4058 ἠδ’
1040 3983 1094 4055 ἄρα
1112 3983 1280 4040 scribendum

156 4092 215 4133 osse
233 4077 260 4129 oi
279 4077 309 4127 δ’
328 4074 393 4145 ἄρα,
412 4082 440 4130 et
457 4077 590 4143 particula
609 4074 663 4144 ἄρα
682 4083 709 4129 et
727 4073 798 4144 quod
816 4088 878 4127 mox
896 4088 919 4124 v.
942 4076 990 4127 199
1010 4071 1139 4139 sequitur,
1158 4068 1233 4122 ἄλλοι
1251 4065 1281 4118 δὲ
