2866 4620
632 321 865 387 ..130-

186 507 337 590 gaudium
352 513 521 589 comparat
535 507 578 572 ad
588 507 762 574 vindictam
776 509 976 575 inimicorum
991 516 1049 575 aut
1063 511 1224 576 latronum
1234 559 1312 578 .....

184 611 233 673 ita
253 608 397 673 homines
419 608 538 673 debent
558 613 626 673 tam
648 608 692 672 ad
713 611 799 674 bona
820 630 916 692 qnam
939 610 973 673 in
994 610 1096 689 mala,
1126 612 1154 675 si
1176 612 1313 678 fortuna

185 711 304 789 tulerit,
328 711 436 792 parati
458 731 534 776 csse.
573 712 660 777 Scies
681 716 789 776 autem
811 711 893 777 bene
907 712 1035 794 quidem
1053 720 1184 795 agentes
1205 715 1240 778 in
1262 715 1312 778 lo·

185 834 256 878 cum
278 814 449 896 impiorum
471 833 533 876 non
556 813 722 895 pervenire
747 861 879 878 ......
912 813 972 876 Hic
1000 834 1075 897 ergo
1100 813 1182 895 lapis
1209 815 1311 880 tritus

184 935 282 997 snper
303 914 472 981 coticulam
493 914 714 979 medicinalem
737 935 809 978 cum
831 914 915 979 lacte
935 915 1086 993 mulieris,
1110 917 1346 999 quassem015

184 1016 304 1080 creavit
324 1017 357 1080 in
379 1017 483 1098 p'rimo
496 1022 595 1099 partu
609 1036 755 1098 puerum,
776 1018 924 1080 inunctus
940 1016 1123 1100 albuginem
1138 1018 1309 1084 oculorum

184 1125 291 1198 curat,
322 1126 355 1186 et
376 1140 503 1185 omnem
529 1118 692 1184 oculorum
718 1118 860 1184 dolorem
882 1119 986 1198 tollit‚·
1016 1119 1112 1183 ctiam
1140 1120 1169 1183 si
1197 1120 1309 1188 videre

184 1218 375 1301 desperatus
396 1221 503 1300 fuerit,
525 1226 629 1285 sanat
669 1220 843 1285 Praeterea
857 1221 1047 1304 podagricos
1075 1222 1187 1286 codem
1209 1224 1309 1289 modo

183 1343 256 1388 cum
276 1323 361 1389 lacte
385 1325 451 1389 ovis
473 1323 578 1402 tritus,
603 1343 685 1406 quae
699 1323 797 1387 semel
817 1324 925 1405 genuit
946 1323 1153 1387 masculinum
1172 1323 1306 1405 foetum,

182 1427 273 1508 ungis
296 1431 328 1489 et
350 1431 491 1489 sanatur.
529 1424 571 1487 Et
592 1445 684 1489 renes
706 1431 739 1488 et
760 1424 919 1488 anhelitus
949 1429 982 1489 et
1002 1426 1171 1491 interiores
1193 1432 1305 1507 partes
1327 1435 1362 1486 10

184 1529 230 1592 sic
252 1533 353 1591 curat.
390 1527 460 1591 Hoc
480 1525 746 1591 medicamentum
761 1526 936 1602 maximum
959 1532 1008 1590 est
1023 1534 1056 1591 et
1070 1547 1091 1591 a
1106 1526 1213 1591 multis
1229 1549 1306 1610 pro·

182 1631 302 1694 batum.
354 1628 586 1711 Praeparatum
619 1650 693 1694 vero
725 1629 786 1693 hoc
813 1628 1081 1692 medicamentum
1107 1628 1241 1693 habebis
1271 1631 1307 1694 in

183 1732 284 1796 vitreo
307 1751 382 1795 vase
404 1730 452 1795 vel
475 1736 626 1813 argenteo
648 1737 681 1795 et
701 1732 825 1794 ieiunus
853 1729 1012 1812 perficies.
1056 1728 1107 1792 Ad
1130 1730 1307 1796 vindictam

181 1853 256 1898 vero
278 1831 420 1915 lapidem
443 1852 542 1914 supra
564 1831 733 1896 coticulam
755 1832 832 1896 teris
855 1837 888 1894 et
911 1851 980 1895 cum
1006 1852 1092 1913 aqua
1115 1830 1201 1897 dilue
1222 1832 1306 1916 lapi-

182 1933 255 1998 dem
277 1940 311 1998 et
332 1935 511 2013 coticulam,
535 1939 568 1999 et
590 1934 682 1998 dabis
704 1935 816 2013 cnivis,
843 1942 876 1998 et
896 1933 982 1998 lavet
1005 1933 1120 1998 faciem
1142 1939 1175 1998 ct
1196 1954 1306 2000 eccae·
1327 1941 1360 1992 15

182 2034 316 2099 cabitur.
367 2036 402 2099 Si
428 2036 499 2118 quis
533 2043 639 2101 autem
671 2036 789 2100 biberit
822 2057 862 2100 cx
894 2057 932 2099 eo
965 2036 1133 2119 pulmones
1165 2044 1301 2100 evomet.

183 2135 317 2218 Oportet
344 2145 452 2202 autem
478 2137 598 2203 bibenti
624 2138 789 2221 paululum
818 2138 915 2218 dare,
948 2138 1035 2222 quod
1063 2160 1127 2204 non
1156 2139 1304 2205 satietur.

181 2239 242 2303 Hic
262 2238 346 2321 lapis
369 2240 515 2303 inventus
537 2241 633 2303 estin
648 2238 762 2319 Media,
785 2239 870 2304 unde
883 2240 1073 2305 vocabulum
1094 2240 1204 2305 babet.
1239 2241 1306 2306 Na·

179 2341 280 2404 scitur
301 2361 376 2405 vero
397 2341 429 2402 in
453 2340 531 2404 locis
553 2341 642 2424 apud
663 2341 781 2406 flumen
802 2333 910 2406 Fasin.

512 2511 614 2575 XXII.
648 2511 766 2593 Lapis
794 2510 967 2594 Syrtius.
1321 2513 1358 2565 2⁰

268 2628 393 2711 Syrtius
415 2650 491 2695 vero
511 2628 608 2712 lapis,
631 2629 686 2713 qui
707 2633 741 2694 et
762 2629 939 2712 sapphirus
962 2630 1160 2713 appellatur,
1182 2630 1301 2697 inveni·

259 2765 272 2813 1
290 2762 408 2829 gladium
422 2764 525 2831 Ring‚
543 2768 656 2827 recte,
675 2770 765 2830 puto.
786 2794 816 2801 -
835 2765 904 2815 2—4
916 2779 984 2832 quae
1002 2765 1053 2819 hoc
1071 2765 1130 2819 loco
1148 2767 1217 2819 inter
1229 2765 1304 2820 lacu·

182 2862 233 2902 nae
251 2848 328 2915 signa
343 2849 430 2915 posui,
449 2864 482 2901 ex
500 2854 577 2901 textu
595 2849 674 2901 elecit
691 2848 774 2915 Pilia,
795 2849 841 2916 qui
859 2848 947 2902 addit:
973 2849 1102 2902 »Lacinia
1121 2849 1175 2903 huc
1192 2855 1303 2918 temere,

180 2934 271 2986 nescia
290 2931 368 2998 unde,
386 2932 499 2999 invecta,
517 2934 673 2986 omissorum
685 2933 772 2985 locum
783 2939 907 3002 occupat.
938 2934 1065 3001 Suspicor
1082 2951 1136 2988 non
1152 2949 1241 3003 pauca
1259 2951 1304 2990 ca-

178 3019 243 3090 pitis
256 3018 332 3071 XXX
351 3033 385 3070 ex
401 3016 452 3070 hoc
465 3017 530 3070 XXI
548 3016 670 3070 detracta
686 3017 800 3084 pessime
813 3033 878 3084 esse,
897 3018 931 3071 ab
942 3018 1015 3071 hIsce
1029 3018 1130 3075 verbis:
1157 3019 1303 3075 Medium

177 3120 257 3160 vero
276 3104 412 3157 nominc
430 3102 468 3156 de
487 3100 667 3156 MedIodon
686 3109 736 3155 etc.
771 3101 823 3156 Sed
842 3118 925 3169 quum
945 3103 973 3156 ln
991 3102 1122 3157 Marbodo
1146 3102 1240 3156 eadem
1260 3120 1303 3158 re·

176 3207 236 3245 rum
256 3190 326 3244 ratio
349 3194 397 3242 aut
413 3188 534 3242 confusio
552 3187 680 3251 occurrit,
704 3186 776 3240 nolui
794 3194 900 3239 mutare
919 3187 1090 3254 quidquam«
1109 3218 1143 3227 -
1160 3189 1181 3240 2
1200 3188 1229 3241 in
1246 3204 1302 3242 ma-

176 3276 229 3331 lam
242 3292 270 3342 c;
286 3306 320 3314 -
338 3274 357 3324 δ
372 3274 514 3327 coticulam
533 3287 594 3341 ego
613 3286 654 3325 cx
670 3271 785 3325 Mart:
805 3272 944 3339 »Namque
960 3287 1042 3340 super
1060 3278 1170 3326 cotem
1181 3272 1303 3329 mulieris

177 3362 248 3415 lacte
267 3358 395 3425 solutus«,
414 3358 557 3413 cuticulam
572 3357 600 3421 C,
617 3357 774 3411 craticulam
790 3373 820 3423 p3
841 3357 887 3424 qui
905 3376 933 3419 c;
950 3388 984 3397 -
1002 3357 1023 3408 8
1037 3356 1190 3424 disperatus
1207 3375 1236 3420 c;
1253 3373 1302 3426 po·

177 3447 301 3512 dracosc,
318 3444 453 3512 podagros
466 3463 495 3510 p,
512 3442 673 3510 podagricos
691 3457 751 3511 ego
769 3457 808 3496 ex
827 3442 951 3509 Diasc.;
971 3473 1002 3481 -
1021 3442 1041 3494 9
1062 3441 1148 3509 quic;
1167 3442 1253 3495 fctum
1268 3450 1302 3511 p3

175 3562 210 3573 —
226 3533 261 3583 10
279 3529 356 3596 ungit
372 3547 404 3594 p;
423 3535 501 3581 sanat
516 3545 548 3592 p3
569 3559 602 3568 -
619 3529 654 3579 13
671 3541 735 3580 vaso
749 3546 774 3588 c;
793 3525 915 3595 perficiet
930 3528 962 3588 G;
985 3559 1013 3567 -
1032 3529 1068 3579 14
1086 3527 1229 3581 coticulam
1240 3542 1300 3596 ego

177 3631 211 3670 cx
227 3615 328 3669 Maub:
354 3612 406 3665 »Et
424 3612 557 3666 resolutus
581 3613 657 3680 aquis
682 3613 772 3667 cotis
793 3611 843 3666 sibi
867 3613 999 3680 fragmine
1017 3613 1133 3680 mixto«,
1155 3610 1301 3666 cuticulam

176 3719 199 3764 c,
216 3698 397 3766 craticulam
414 3698 498 3749 -1c
517 3697 659 3751 coticulam
677 3714 752 3766 ego,
776 3698 920 3751 cuticulam
938 3716 960 3764 c,
986 3698 1143 3752 craticulam
1158 3716 1193 3763 p;
1212 3727 1246 3737 -
1264 3697 1299 3749 15

1246 3776 1260 3805 0

176 3833 325 3884 excaecp3
344 3816 430 3868 -17
449 3817 785 3886 quodego,oc,qucp;
807 3847 836 3855 -
856 3817 890 3869 19
909 3816 1053 3883 Phasinp;
1071 3847 1100 3855 -
1121 3818 1163 3868 20
1181 3816 1302 3884 syrtim

175 3905 405 3970 vv.21-p.180‚
423 3905 440 3955 3
458 3916 492 3954 ex
509 3901 595 3956 Plinio
613 3902 776 3969 interpolata
793 3916 851 3954 esse
869 3901 997 3954 indicavit
1015 3900 1097 3968 Pitra,
1115 3900 1214 3955 collato
1230 3899 1301 3955 Plin.

175 3988 305 4044 XXXVII
322 3989 364 4050 ot,
380 3991 440 4042 182:
465 3987 622 4055 »syrtitides
637 3988 665 4040 in
682 3987 761 4040 litore
777 3987 901 4054 Syrtium,
919 3987 973 4039 iam
991 3985 1097 4054 quidem
1111 3992 1139 4038 ct
1152 3985 1300 4054 Lucaniae,

174 4075 346 4129 inveniuntur
363 4089 378 4126 c
395 4074 490 4127 melleo
507 4075 596 4128 colore
615 4089 693 4128 croco
710 4073 886 4140 rebrlgentea
903 4073 976 4126 intus
993 4079 1084 4125 antem
1105 4070 1197 4124 stellas
1214 4071 1301 4125 conti-

197 4169 240 4210 ent
256 4160 399 4228 fulgidas«.
416 4190 449 4201 -
467 4161 501 4212 21
519 4159 648 4227 Sopbirus
666 4177 692 4227 c;
711 4159 835 4211 inventus
853 4165 893 4210 est
906 4176 936 4222 p.
