2866 4620
599 304 812 368 ..50-

146 527 302 596 ὰταρπητὸν
320 525 376 579 Ρ11.
395 489 546 590 ἀτορπλτόν
565 522 596 575 V.
616 522 746 589 εἰσοράοις
763 523 788 573 Δ
802 521 836 574 V.
854 522 911 590 γὰρ
929 535 979 574 om.
998 519 1030 572 B.
1049 548 1081 559 -
1104 519 1165 571 104
1184 518 1275 586 ἀτρῶν

147 630 175 676 a,
194 612 281 679 ἀτρὸν
299 610 332 664 if.
350 610 443 661 κίοντα
455 607 485 660 B.
507 607 654 675 ἀκρόρειαν
667 606 696 659 Β.
713 635 741 645 -
756 605 811 656 106
831 605 956 658 ἀνελθεῖν
976 619 1026 657 om.
1045 602 1069 655 B
1081 603 1122 668 V3
1140 603 1169 656 in
1182 601 1207 657 V
1218 607 1276 671 post

147 701 247 761 μοῦνος
263 694 381 748 deletum
399 692 636 760 εε1προφογόντε.
656 722 690 732 -
708 692 763 743 106
777 691 892 760 λεψηρῶ
907 691 936 743 Β.
955 717 989 729 -
1006 689 1064 740 107
1083 685 1152 740 οἵδ’
1170 687 1276 742 Bsolut

147 789 178 835 ut
195 781 311 844 videtur,
329 780 356 832 οἱ
374 780 402 831 δ’
423 779 479 832 rell.
499 778 573 833 codd.
592 782 620 830 et
638 777 698 831 edd.
717 776 779 837 εἵως
797 782 821 830 A
833 777 863 830 hl
875 775 900 828 V
919 783 946 829 et
964 774 1025 830 edd.
1043 778 1107 829 ente
1126 774 1276 842 Hermoni

147 868 228 926 τείως
244 865 359 934 scripsit,
378 865 542 933 quodetiam
553 863 655 931 Musgr.
667 863 813 916 invenerat.
833 859 894 921 εἵως
912 861 943 929 Β,
956 858 1013 920 rior
1030 859 1061 926 P,
1073 856 1123 911 εἴω
1134 858 1193 912 Pel.
1221 857 1276 926 Ego

149 948 213 1009 εἵως
230 950 343 1011 retinui,
368 949 464 1003 collato
487 948 565 1002 Hom.
584 948 614 1000 M
635 951 681 1001 141
702 947 728 999 oi
745 947 773 998 δ’
793 944 855 1015 ἤτοι
873 945 935 1006 εἵως
951 947 1012 1009 μέν,
1030 944 1079 999 01.
1095 961 1121 1011 γ.
1145 947 1196 998 126
1216 943 1276 996 ἔνθ’

149 1035 209 1104 ἤτοι
227 1032 288 1094 εἵως
305 1037 364 1097 μέν.
398 1035 551 1087 Hermanno
570 1038 659 1085 tamen
677 1030 711 1085 ad
730 1032 807 1085 Hom.
820 1031 909 1100 hymn.
927 1029 966 1082 lV
983 1033 1071 1084 1225
1092 1029 1189 1090 »τείως
1208 1027 1277 1098 quod

151 1135 212 1174 cum
222 1119 379 1186 Musgrevio
392 1117 471 1183 edidi,
490 1116 649 1170 servandum
664 1117 771 1170 videtur
781 1122 893 1184 propter
911 1120 1028 1169 aetatem
1041 1114 1193 1182 scriptoris,
1213 1121 1276 1168 tem·
1350 1176 1352 1185 Ι

149 1219 230 1273 quam
242 1219 292 1271 pro
311 1200 374 1260 εἵως
390 1201 498 1268 dictum,
516 1202 618 1256 vitandi
630 1202 720 1254 hiatus
733 1217 836 1270 caussa,
854 1207 884 1254 nt
897 1201 969 1269 opud
981 1199 1157 1268 Apollonium
1170 1199 1211 1268 [ll
1225 1203 1276 1254 132
1350 1192 1352 1231 ἶ

149 1290 188 1343 lV
208 1289 295 1357 28511.
333 1287 385 1340 Sed
403 1303 437 1340 ne
455 1288 488 1341 de
506 1287 582 1340 hiatu
600 1286 730 1341 sollicitus
748 1287 797 1352 sis,
822 1287 870 1340 cir.
888 1303 912 1340 v.
934 1289 981 1342 196
998 1284 1127 1349 ἁζόμενοι
1146 1285 1277 1349 sottum

148 1391 173 1428 v.
192 1378 243 1428 519
269 1374 425 1440 ἀτρυρετῷ,
452 1369 509 1438 ho3
536 1388 559 1424 u.
579 1375 630 1425 530
657 1369 688 1423 οἵ
709 1389 740 1423 τε
767 1371 875 1438 κλάδοι,
902 1371 966 1437 ὅσα;
990 1401 1024 1410 -
1052 1370 1111 1422 108
1129 1372 1275 1434 μίμνεσιεν

151 1456 227 1512 codd.
249 1456 313 1510 dett.
334 1462 362 1508 et
388 1454 456 1517 edd,
481 1456 572 1524 recepi
594 1471 628 1509 ex
649 1457 674 1509 A
697 1455 861 1523 μίμνασκεν,
889 1471 969 1523 quam
989 1454 1063 1507 verbi
1091 1455 1210 1510 formam
1234 1453 1278 1508 ho·

150 1558 213 1596 nem
236 1555 295 1594 csse
318 1546 399 1607 putor
427 1541 521 1594 saltem
544 1540 619 1594 verbi
642 1541 730 1603 μίμνω
756 1541 842 1594 forma
863 1539 1022 1594 secundaria
1047 1542 1175 1604 μιμνάζω
1197 1544 1278 1604 extet,

150 1627 309 1695 imperfecta
322 1632 413 1679 eutem
429 1626 457 1678 in
477 1657 507 1665 -
527 1642 610 1677 ασκον
627 1640 719 1679 eorum
731 1630 837 1678 tantum
855 1625 997 1678 verborum
1014 1625 1199 1692 reperiuntur,
1218 1638 1278 1693 quc

151 1728 211 1765 rum
235 1711 317 1764 etiem
339 1711 436 1778 stirpes
459 1711 486 1762 in
512 1741 541 1749 -
567 1709 624 1768 άζω
642 1714 771 1763 exeuntes
791 1709 819 1762 in
838 1725 890 1763 usu
910 1710 1026 1762 fuerunt.
1044 1740 1077 1749 —
1105 1711 1164 1762 108
1185 1710 1279 1778 ὀρεξά·

150 1814 232 1861 μενος
253 1795 284 1847 δὲ
301 1795 427 1846 δοκεῦσαι
447 1795 513 1851 ΒΜ
532 1795 554 1847 Ρ
572 1795 628 1849 Pal.
646 1796 671 1848 V
677 1815 685 1856 ;
710 1794 883 1863 ὀρεξάμενος
906 1796 936 1847 δὲ
959 1796 1103 1847 descrimine
1127 1793 1191 1849 edd.
1218 1798 1278 1847 unte

152 1881 243 1934 Herm.
262 1880 431 1949 ὀρεξάμενον
453 1880 482 1932 δὲ
500 1879 645 1948 δοκεύσας,
670 1878 742 1948 quod
761 1879 828 1933 coni.
847 1881 944 1934 Portus
962 1880 1034 1948 opud
1052 1879 1162 1947 steph,
1184 1879 1280 1948 probs·

152 1971 229 2020 verat
252 1964 356 2035 Tyr-uh.
382 1970 409 2018 et
426 1966 535 2034 :recepit
559 1965 659 2033 Herm,
684 1969 759 2018 extat
786 1965 813 2017 in
837 1966 870 2018 Δ.
895 1965 1063 2035 ὀρεξσμίνου
1091 1965 1121 2016 δὲ
1150 1964 1281 2016 censetor

152 2051 320 2104 Bernardnm
347 2051 491 2104 coniecisse
518 2050 553 2104 ad
578 2050 704 2104 Nonnum
724 2049 752 2102 II
776 2065 802 2116 p.
823 2051 870 2105 177
897 2048 1010 2103 adnotet
1036 2048 1187 2103 Schneider
1210 2046 1282 2118 apud

152 2137 243 2190 Herm.
266 2167 302 2206 ··.
318 2136 374 2187 109
399 2136 521 2205 χείρεσιν
541 2135 564 2188 B
576 2136 597 2188 P
609 2135 664 2188 Pal.
687 2136 842 2195 ἀλυσκάζων
861 2136 891 2188 M
904 2134 960 2189 Pal.
972 2136 998 2188 V
1015 2133 1048 2186 if.
1067 2133 1231 2194 ἀλυσκάζων
1249 2148 1282 2188 ex

154 2220 323 2277 ἁλοσκένζων
344 2220 374 2272 Ρ.
398 2218 571 2277 ἁλοσκάνξων
596 2238 624 2285 a,
649 2234 717 2273 corr.
734 2220 816 2273 etiam
832 2219 925 2272 Perdr.
953 2248 984 2257 -
1014 2219 1063 2269 110
1090 2232 1141 2284 pro
1161 2218 1207 2269 κέν
1230 2217 1283 2271 ism

154 2308 218 2358 ente
236 2317 278 2356 me
299 2304 349 2365 μέν
368 2303 462 2355 meluit
480 2302 583 2370 Tyrwh.
619 2302 671 2356 Sed
693 2304 753 2357 vide
778 2319 847 2372 quae
869 2304 961 2356 Herm.
980 2307 1073 2357 contre
1092 2301 1176 2357 dixit:
1207 2303 1283 2358 »Non

154 2388 245 2456 placet
262 2386 312 2449 μὲν
330 2387 383 2441 hoc
401 2386 465 2440 loco.
502 2385 587 2440 Recte
611 2401 640 2439 se
663 2386 745 2440 habet
768 2388 822 2441 κέν.
861 2388 934 2441 Noto
955 2387 995 2440 ris
1018 2386 1098 2439 huius
1119 2387 1282 2454 particulae,

156 2488 210 2540 qus
228 2472 330 2526 fectum
347 2470 449 2540 aliquid
461 2471 542 2524 semel
554 2471 704 2539 iterumque
715 2486 774 2525 esse
792 2473 934 2527 indicatur.
964 2471 1071 2526 Nostri:
1091 2470 1139 2543 ich¹
1148 2471 1195 2526 fiel
1207 2473 1284 2529 wohl.

157 2560 256 2614 Confer
273 2558 309 2613 cd
326 2558 455 2625 Vigerum
477 2563 532 2610 not.
550 2559 607 2610 286.
625 2573 651 2625 p.
670 2559 729 2612 785.
759 2555 827 2610 Vide
845 2574 869 2611 v.
882 2560 942 2611 439.
954 2561 1013 2610 440.
1025 2560 1083 2610 539.
1097 2560 1157 2610 594.
1189 2553 1281 2626 Odyss.

154 2645 245 2698 XXIV
257 2648 331 2698 1881.
342 2673 377 2685 -
394 2643 575 2697 11111-114
593 2658 643 2696 om.
656 2642 719 2694 Ain
732 2642 781 2694 lac.
797 2672 832 2682 —
849 2644 890 2694 111
908 2641 949 2707 dd
961 2660 985 2694 ο.
1000 2639 1079 2700 αὖθις
1092 2639 1170 2696 codd.
1184 2649 1212 2697 et
1225 2642 1283 2697 edd.

155 2734 218 2782 ante
231 2729 322 2781 Herm.
337 2759 366 2768 -
386 2731 434 2782 112
448 2728 569 2797 κορυφὴν
583 2728 613 2779 δὲ
633 2728 689 2782 aii.
707 2725 746 2779 ἴον
767 2728 895 2781 BMPol.
905 2726 937 2796 V,
956 2726 1008 2780 εἴον
1027 2727 1086 2790 cii,
1106 2742 1176 2781 corr.
1190 2727 1282 2797 Steph

155 2813 189 2867 de
204 2812 226 2864 P
243 2826 297 2865 non
315 2812 414 2865 notavi.
427 2809 512 2881 ἅρπην
525 2813 556 2865 B.
574 2843 608 2852 -
626 2813 675 2864 118
693 2813 720 2863 οἱ
736 2811 762 2864 V
779 2816 808 2864 et
827 2811 886 2866 edd.
905 2817 967 2866 ante
980 2813 1071 2866 Herm.
1089 2814 1218 2881 ὁρῶντες
1229 2813 1285 2868 PV

157 2897 223 2961 eii,
241 2897 365 2966 ὁρῶντες
376 2897 433 2949 rell.
451 2898 644 2963 (sexcitentesr
658 2897 740 2950 vertit
753 2897 897 2966 Eschenh.)
915 2898 943 2950 in
956 2897 987 2950 M
1005 2897 1109 2964 glossa:
1127 2897 1285 2963 βλέποντες

155 2981 200 3033 καὶ
212 2980 414 3044 αἰσθανόμενοι.
424 3012 454 3022 -
468 2983 597 3050 ὀροῦντες
606 2983 698 3049 Gesn.;
716 2981 830 3050 ὅροντες
844 2998 876 3035 »a
885 2983 966 3036 verbo
979 2982 1052 3050 ὅριοι
1066 2981 1174 3050 Tyrwh.
1184 2998 1284 3052 propo·

156 3065 218 3133 snit,
239 3065 337 3120 collato
354 3067 450 3121 1879.
469 3066 548 3135 ὄρσε-ι
567 3069 692 3136 νεοριλοῦ
704 3067 799 3126 παιδὸς
813 3067 905 3137 ἀϋτήν,
922 3067 1026 3135 recepit
1038 3066 1129 3120 Herm.
1160 3066 1215 3121 Sed
1226 3066 1284 3122 nul-

155 3150 211 3205 lum
235 3157 277 3206 est
298 3151 410 3206 verbum
430 3151 502 3220 δρω,
529 3168 616 3222 neque
643 3152 723 3222 ὄρσει
743 3153 761 3205 l.
775 3153 790 3205 l.
809 3167 826 3206 a
843 3152 925 3206 verbo
951 3153 1050 3220 ὂρνυμι
1075 3150 1167 3206 divelli
1184 3156 1284 3221 potest

156 3231 272 3303 ὅροντες
288 3237 379 3304 potius
392 3237 509 3290 activum
522 3238 678 3305 ceteroquin
695 3237 853 3291 inusitatum
864 3237 938 3291 verbi
951 3236 1050 3306 ὅμοροι
1060 3235 1213 3304 putandum
1224 3238 1284 3306 crit,

157 3320 228 3389 quod
246 3320 345 3390 ὅμοροι
364 3326 391 3375 et
408 3323 496 3390 ipsum
518 3337 571 3376 non
595 3323 647 3374 nisi
669 3323 751 3375 semel
769 3320 869 3389 legitur
887 3321 935 3374 Od.
956 3326 997 3382 14,
1017 3323 1073 3374 104.
1110 3319 1163 3374 Sed
1182 3320 1285 3391 ὄροντε

156 3405 251 3473 scripsi
268 3405 302 3459 de
321 3405 425 3459 duobus
442 3406 609 3473 perdicibus,
635 3421 695 3459 cum
712 3406 783 3458 infra
799 3422 823 3459 v.
838 3410 886 3461 115
904 3407 1049 3475 προϊδόντε
1068 3405 1101 3459 de
1119 3405 1217 3459 iisdem
1234 3421 1284 3476 pro

157 3491 315 3558 προϊδόντες
339 3506 372 3543 ex
390 3491 415 3542 A
439 3490 607 3544 scribendum
629 3492 672 3546 sit.
712 3491 823 3544 Gesneri
847 3493 976 3560 ὀροῦντες
999 3491 1114 3545 fortasse
1138 3490 1285 3547 Homerico

158 3576 275 3643 ὀρέοντο
297 3579 358 3644 (pro
379 3573 493 3644 ὄροντο)
516 3582 544 3629 et
565 3577 646 3630 verbo
673 3575 788 3644 ἀρέομαι
810 3577 850 3643 (in
868 3577 952 3644 epigr.
971 3591 1014 3644 ap.
1032 3577 1111 3630 Peus.
1129 3581 1155 3643 9,
1174 3582 1220 3646 38)
1240 3578 1285 3634 de·

157 3657 399 3726 1111111111.-
421 3660 678 3728 141131ρο11.
699 3691 732 3702 ·-
759 3661 806 3712 115
827 3663 975 3729 προϊδόντε
991 3663 1025 3724 Α,
1044 3660 1208 3730 προϊδόντες
1225 3661 1286 3719 rell.
1322 3676 1327 3684 “

158 3742 356 3809 (προὶδίντεςΡ
374 3749 437 3798 ante
456 3748 536 3812 corr.)
554 3774 587 3784 -
606 3747 654 3797 116
673 3747 829 3798 πετάσοντα
846 3746 935 3799 PPal.
949 3746 973 3800 V
991 3748 1049 3800 ait.
1067 3747 1151 3799 πλείω
1165 3747 1245 3801 codd.
1258 3753 1287 3804 et

158 3824 218 3879 edd.
237 3834 298 3882 ante
317 3830 408 3884 Herm.
427 3830 473 3898 qui
495 3830 588 3899 πλείην
612 3830 726 3899 scripsit.
745 3822 838 3882 πλεῖόν
863 3832 931 3885 coni.
950 3831 1102 3886 Schneider.
1120 3861 1153 3872 -
1177 3833 1228 3884 117
1243 3833 1287 3901 ἐγ-

154 3912 285 3980 χριφθείς
302 3915 334 3967 A.
355 3915 513 3968 ὑτενάντων
532 3915 563 3968 Β.
583 3945 614 3955 -
638 3917 687 3967 118
700 3931 794 3970 versus
810 3915 992 3971 modulatione
1010 3915 1126 3970 offensus
1144 3917 1216 3979 μάλ’
1234 3932 1287 3987 pro

157 4012 202 4057 μοι
220 3996 388 4051 scribendum
406 4015 463 4055 esse
482 4000 550 4054 dixit
568 4000 691 4055 Gerhsrd
709 4002 736 4054 in
750 4002 870 4068 Quaestt.
883 4003 972 4070 Apoll.
984 4020 1011 4071 p.
1027 4007 1083 4058 138.
1098 4033 1131 4044 -
1149 4002 1288 4072 ἀλάληντο

159 4080 235 4134 codd.
250 4085 278 4134 et
296 4081 356 4136 edd.
370 4089 432 4137 ante
443 4083 535 4139 Herm.
547 4086 593 4153 qui
604 4086 723 4155 λελίηντο
735 4084 827 4154 edidit,
845 4100 907 4138 nam
927 4087 1106 4141 »contrarium
1124 4089 1191 4157 eins,
1212 4091 1289 4159 quod
