2866 4620
598 334 832 399 -101-

152 516 260 587 Herm..
284 514 341 571 ἄσσ
358 518 385 573 A
409 516 477 589 [77]
495 518 601 585 Herm.;
623 514 684 587 ἄγει
706 516 783 572 codd.
800 525 829 573 et
847 516 907 573 edd.
926 524 989 573 ante
1010 518 1116 583 116161..
1138 516 1277 587 6616616
1327 574 1337 589 ,

152 602 268 673 ιπ16611.
305 602 469 673 1Ρ611161616
493 604 615 673 κεράσας
636 610 665 657 61
688 604 780 657 statim
803 604 897 665 ἄιᾰνιις
918 612 976 658 tum
998 604 1129 674 ὁμιλήσας
1151 602 1276 658 ridentur

151 688 241 745 medis
257 688 378 759 quadam
395 688 590 758 aprificatione
607 688 675 755 dici,
696 688 886 743 admiscens
903 704 947 757 se,
970 689 1051 759 idque
1075 704 1107 745 eo
1124 688 1231 743 facilius
1247 688 1276 743 ln

149 780 266 829 16661661
284 775 377 829 renim
394 782 493 844 poetae
510 775 613 844 potuit,
633 790 687 843 quo
705 775 848 829 solemnius
865 775 918 844 ipsi
935 784 978 829 est
995 776 1078 829 vitam
1095 774 1274 830 abactionem

151 860 206 915 1616
228 858 333 927 lapillis
349 859 495 915 tribuere«
519 860 619 915 (lesu.
653 861 819 928 improbavit
836 860 904 915 6666
920 861 1066 929 Η6ι61666,
1084 858 1160 929 ἄγεις
1181 874 1207 913 ε.
1223 860 1277 915 ula

151 944 232 1001 scribi
250 942 355 999 iubens
390 944 492 999 Contra
509 944 581 999 Wiel
598 962 624 1013 p.
645 948 690 999 ld:
719 944 860 999 »Haesisee
881 944 989 999 ridetur
1010 952 1124 1013 uterque
1148 944 1176 999 io
1193 944 1276 1014 parti·

152 1030 224 1101 cipio
242 1030 316 1085 uude
333 1030 423 1099 posito
441 1048 528 1100 eoque
545 1046 606 1086 cum
623 1031 704 1085 tertia
721 1044 838 1099 persona
857 1026 918 1097 ἄγει
935 1028 1085 1084 666166616.
1115 1029 1276 1099 Plerumque

153 1114 263 1185 6616661
279 1114 308 1169 16
326 1114 376 1170 1611
392 1116 515 1171 oratione
531 1116 727 1169 substantivum
739 1112 848 1183 aliquod
859 1120 891 1167 ut
907 1113 979 1183 ἄνὴρ
997 1120 1045 1167 aut
1061 1113 1089 1167 16
1100 1114 1204 1183 vulgari
1221 1128 1277 1171 aar·

152 1214 232 1255 moue
249 1198 381 1254 6111661611
398 1215 451 1254 666
469 1199 559 1254 deest:
578 1215 656 1268 posse
673 1215 738 1253 vero
756 1214 789 1253 ea
806 1197 899 1252 abesse
917 1198 1041 1267 exempla
1057 1197 1154 1253 docent
1165 1214 1219 1253 uon
1236 1198 1276 1253 lu·

152 1284 315 1353 66666666.
334 1300 350 1337 6
367 1284 464 1352 quibus
482 1285 654 1339 Homericum
671 1283 737 1338 illud
757 1285 845 1337 ὅσσον
862 1300 893 1337 τε
910 1284 1015 1353 γε’γοινι
1031 1282 1137 1354 βοήσας
1154 1282 1276 1337 attulisse

153 1366 263 1423 sufficit
280 1368 447 1423 1116116116.
459 1368 505 1423 (lr.
520 1369 566 1423 Gr.
579 1370 606 1422 ll
624 1372 640 1437 5
656 1372 740 1437 6116,
757 1368 829 1439 quod
846 1368 961 1423 616666
978 1366 1112 1437 quadrare
1129 1382 1221 1423 omues
1237 1366 1276 1421 ri·

153 1452 225 1507 deut.
261 1452 315 1507 Sed
332 1468 420 1521 neque
437 1452 585 1507 Hermauni
609 1452 685 1521 ἄγοις
705 1454 808 1522 placet,
831 1461 1017 1508 6616616616
1036 1454 1107 1509 6666
1123 1467 1229 1507 versam
1247 1458 1277 1507 61

152 1544 216 1607 post
231 1552 295 1593 eum
311 1537 411 1607 ubique
426 1539 496 1607 lapis
508 1538 559 1592 iste
571 1540 684 1593 subiecti
697 1541 754 1593 rice
770 1542 907 1608 fungatur,
924 1547 955 1594 ut
966 1556 991 1594 v.
1002 1542 1054 1595 666
1071 1539 1169 1603 ἐθέλει,
1186 1554 1212 1593 r.
1224 1540 1275 1595 667

153 1622 293 1693 ἄιιιρὸιει,
310 1638 336 1677 v.
347 1626 400 1679 670
415 1623 550 1695 ἄογιιλάᾳ,
567 1640 592 1677 6.
604 1627 655 1679 674
666 1620 730 1684 ἄκος
747 1624 867 1690 ἔσσεται,
886 1641 941 1693 qua
953 1624 986 1679 de
998 1640 1081 1679 66666
1092 1625 1173 1680 etiam
1185 1640 1210 1678 r.
1224 1627 1276 1682 670

154 1704 214 1777 ἄγει
231 1722 341 1763 serrare
358 1708 493 1764 debemus.
529 1709 661 1778 Displicet
682 1718 826 1780 praeterea
849 1712 876 1765 in
894 1711 1005 1780 vulgata
1027 1712 1142 1767 lectione
1164 1716 1194 1765 61
1214 1708 1275 1777 rio·

154 1798 228 1865 ιερᾷ
244 1793 340 1859 paler,
358 1793 429 1863 quod
447 1802 540 1849 contra
552 1802 667 1849 metrum
683 1803 787 1863 peccat,
809 1804 837 1849 61
855 1798 956 1864 dadone,
974 1796 1047 1866 quod
1065 1798 1156 1865 inepte
1174 1794 1275 1849 dictum

154 1876 247 1931 66166
265 1877 356 1945 lapids
379 1879 494 1933 contrito
516 1886 544 1932 et
566 1879 663 1947 liquori
685 1879 790 1933 cuidam
813 1880 867 1933 iam
889 1881 1009 1935 immixto
1034 1880 1132 1947 (adocb
1154 1880 1217 1933 huet
1239 1878 1275 1933 du

154 1968 334 2029 vermengt
350 1962 397 2015 ihu
415 1971 494 2016 unter
509 1963 557 2017 das
574 1964 669 2032 eigene
688 1963 768 2017 Blut
786 1965 840 2018 und
857 1964 906 2017 mit
923 1964 1074 2017 lieblicbem
1092 1964 1201 2031 Honip
1218 1964 1274 2017 be·

154 2046 336 2103 feucbtete
353 2048 435 2101 vertit
447 2046 632 2113 Seidenadel.).
660 2048 748 2115 Quare
760 2064 794 2101 ex
805 2049 831 2102 A
849 2048 909 2101 libri
926 2048 1061 2117 scriptura
1076 2047 1209 2116 γλυκερὸν
1227 2064 1274 2111 μι-

153 2132 280 2205 1166νᾶ6
299 2134 437 2192 dordone
460 2133 597 2200 proiectus
620 2133 726 2187 sublato
748 2140 811 2187 6616
832 2134 962 2203 γλυκερόν
987 2138 1119 2188 66616616
1140 2131 1274 2203 γλυκερὸν

153 2218 221 2285 μέλι,
238 2218 288 2269 τὸν
308 2216 340 2269 el
355 2217 498 2280 δαμάσσας
515 2218 618 2285 scripsi,
637 2218 747 2272 lacunae
768 2219 845 2286 signa
862 2226 923 2287 post
940 2218 1012 2273 bunc
1027 2233 1134 2272 versum
1151 2217 1230 2285 posui
1246 2226 1275 2273 et

154 2318 178 2357 r.
190 2304 243 2359 670
261 2300 323 2370 ἄγει
341 2303 452 2356 serrari.
482 2302 572 2356 Simile
584 2304 679 2357 vitium
697 2304 800 2358 occurit
816 2304 844 2357 in
860 2319 884 2356 r.
897 2307 957 2371 307,
975 2303 1021 2357 ubi
1032 2304 1057 2356 A
1067 2302 1234 2373 μογιησίτην
1246 2302 1275 2355 d’

154 2386 267 2455 prcoles
275 2402 325 2455 pro
334 2403 367 2441 eo
377 2388 449 2455 quod
459 2388 521 2441 iude
531 2388 589 2441 erui
599 2387 691 2442 debuit
699 2390 858 2459 μογνὴοοῃ·
871 2390 920 2457 τὴν
931 2388 975 2441 d’.
986 2429 991 2441 .
1002 2426 1017 2451 .,
1032 2386 1176 2451 δαμάσσας
1185 2392 1275 2441 aulem

154 2471 251 2541 scripsi
268 2485 304 2525 ex
321 2488 345 2525 ι.
363 2476 412 2527 661
432 2473 461 2524 lv
481 2471 558 2525 delur«
577 2475 641 2541 ριῖο
659 2474 815 2535 canonista.
851 2472 928 2525 Dixit
945 2472 1016 2525 enim
1034 2478 1128 2539 poeta:
1150 2471 1274 2525 Humano

154 2570 219 2611 vero
242 2557 366 2625 sanguini
391 2558 468 2613 dulce
491 2559 543 2612 moi
569 2560 719 2613 immiscens
743 2559 865 2612 616666
888 2558 996 2626 quidam
1019 2556 1134 2625 lapidem
1156 2556 1189 2609 16
1211 2555 1275 2609 buc

153 2642 318 2697 6116116116
335 2642 510 2712 liquefaciens
529 2644 556 2698 si
573 2660 645 2698 eum
663 2644 772 2698 oeulis
791 2643 945 2712 aegrotis
967 2641 1147 2695 inunxeris
1165 2656 1200 2694 ex
1218 2640 1274 2709 pal·

154 2726 247 2795 pebris
264 2742 368 2782 omnem
387 2728 464 2796 pellit
482 2730 628 2797 morbum«,
646 2730 693 2783 ubi
711 2744 779 2797 quae
798 2728 913 2782 diductis
931 2726 1028 2779 littoris
1039 2726 1134 2795 scripsi
1151 2726 1178 2781 in
1196 2740 1275 2781 versu

153 2826 225 2867 6666
243 2810 384 2880 deperdito
403 2828 420 2867 6
437 2822 519 2881 poeta
537 2830 665 2881 expressa
680 2829 738 2867 esse
755 2820 830 2883 puto.
860 2812 994 2879 Imprimis
1008 2811 1105 2880 dignus
1122 2812 1169 2882 6111
1187 2810 1274 2866 66616-

153 2904 231 2953 ratur
241 2904 284 2952 est
294 2898 472 2967 Damigeron:
492 2900 592 2953 »oculis
604 2900 719 2953 maxime
733 2906 813 2969 aptus
825 2906 867 2951 est
884 2898 929 2966 (od
946 2898 1001 2966 γὰρ
1019 2897 1065 2965 ὅγ’
1082 2938 1148 2951 ....
1166 2896 1274 2949 παλαιο-

154 2986 239 3056 εᾶρην
257 2985 288 3037 δ’
308 2984 464 3052 ἀπερύκει»
488 2986 516 3038 16
535 2986 672 3039 oculorum
690 2984 902 3039 eventationibus
921 2983 1091 3038 contritus
1111 2982 1275 3050 (δαμάσσας)

154 3074 221 3125 66111Ι
233 3069 318 3124 attico
334 3070 413 3123 melle
432 3069 575 3137 (γλυκερὸν
594 3070 664 3133 μέλι)
690 3086 743 3122 666
761 3069 891 3137 fumigato
913 3068 1073 3122 inunctus
1090 3072 1188 3121 sanat
1205 3064 1275 3133 (ἄγει

155 3155 262 3222 νόσον),
286 3161 314 3209 61
336 3170 440 3209 6166661
465 3155 603 3209 oculorum
626 3155 744 3208 dolorem
764 3155 867 3209 inlusus
885 3170 945 3208 cum
969 3154 1039 3207 16616
1062 3152 1180 3204 mulieris
1198 3158 1275 3204 curat

155 3241 211 3305 (καλ
228 3240 346 3310 γλήνῃσι
363 3242 443 3310 τεῇσι
462 3280 507 3292 ...
526 3237 590 3298 ἄκος
602 3239 729 3306 ἔσσεται).
740 3270 772 3279 -
791 3240 918 3311 ἄσχαλάσ
929 3241 962 3293 Α.
976 3268 1008 3279 -
1027 3234 1224 3305 67111ρ66661
1240 3236 1274 3289 Δ.

153 3352 188 3365 -
199 3324 264 3377 672
279 3324 514 3393 ἄστροβλιφάροιι
525 3326 551 3377 A
563 3323 596 3388 (β
606 3324 634 3377 16
646 3339 741 3377 rasura
753 3326 813 3393 661),
831 3322 1106 3391 στροβιλοβλεφάρου
1119 3318 1194 3376 codd.
1207 3320 1273 3374 dett.

155 3408 338 3479 (στριβιλοβλ.
357 3409 397 3475 Μ)
421 3416 449 3461 61
472 3409 532 3462 edd.
557 3415 620 3461 ante
645 3408 736 3462 Herm.
762 3408 1037 3475 στροβιλοβλέφορον
1066 3406 1099 3459 de
1125 3405 1275 3474 superciliis

154 3492 251 3561 pineae
268 3494 344 3547 nucis
362 3493 562 3547 similitudinem
579 3493 739 3547 habentibus
757 3492 856 3545 dictum
870 3494 977 3561 putavit
994 3492 1106 3558 Gesner,
1123 3490 1274 3558 »obliquum

155 3585 295 3647 aspectum
319 3579 462 3632 habentis«
487 3579 568 3632 vertit
590 3578 776 3632 Escbenbacb.
800 3577 905 3645 Tyrwh.
931 3575 1074 3631 secundam
1097 3575 1225 3642 syllabam
1246 3576 1275 3628 iu

154 3662 302 3733 στρόβιλος
328 3679 434 3731 semper
457 3662 571 3733 produci
594 3670 669 3717 ratus
691 3663 789 3717 collato
812 3662 946 3731 Hesychia
973 3660 1140 3729 στροβελόν,
1164 3658 1275 3729 σκολιόν,

153 3747 302 3816 καμπύλον,
320 3748 606 3816 στροβολοβλοφάροο
625 3748 747 3815 66616611,
772 3748 843 3815 quod
862 3745 1026 3814 »superciliis
1044 3744 1176 3799 6161161166
1195 3744 1275 3813 signi·

153 3830 236 3887 ficare
255 3834 326 3900 vuit,
344 3839 372 3886 et
389 3833 532 3887 obsecutus
550 3840 591 3887 661
608 3834 752 3900 Hermann,
770 3833 851 3900 16616,
871 3839 901 3885 61
924 3830 1053 3884 monitum
1075 3834 1117 3883 est
1139 3830 1167 3882 in
1188 3829 1275 3883 novis·

154 3918 222 3973 61166
233 3918 365 3973 Thesauri
381 3918 556 3984 Stephaniani
575 3919 699 3987 aditione,
719 3934 780 3971 cum
797 3920 825 3971 in
844 3917 1009 3985 στρόβιλοςι
1027 3917 1107 3969 611661
1125 3915 1275 3969 breviatum

153 4004 314 4073 reperiatur.
333 4003 610 4073 στροβιλοβλεφοὶροο
628 4003 808 4058 reducendum
826 4018 884 4056 esse
904 4001 994 4054 Wielii
1018 4016 1124 4070 quoque
1142 4002 1275 4056 sententia

153 4090 206 4145 fuit
223 4106 250 4158 p.
271 4090 311 4158 17,
338 4090 383 4143 661
400 4089 559 4143 vocabulum
584 4090 650 4143 illud
673 4104 726 4142 nou
754 4105 771 4142 a
797 4087 964 4142 substantivo
990 4089 1136 4156 στρόβιλος
1162 4088 1273 4149 derivat,
