2866 4620
596 306 829 369 ..158-

469 557 524 623 VL
559 558 682 640 Lapis
702 536 979 640 Smaragduss

235 687 434 769 smaragdus
456 684 541 768 lapis
562 684 794 767 pulcherrimus
815 692 850 748 et
863 683 1076 747 validissimus
1090 684 1136 747 ad
1149 706 1280 750 omnem

148 792 316 875 aquariam
331 790 570 855 divinationem.
606 789 848 854 Persuasionem
863 788 963 852 habet
983 789 1016 852 in
1036 788 1124 852 omni
1137 788 1279 870 negotio,

147 900 362 975 portatusque
384 891 524 974 adauget
542 891 756 956 substantiam
770 899 804 954 et
818 911 935 973 corpus
948 897 982 955 et
995 911 1178 954 monem
1189 896 1280 955 caste

148 1002 253 1075 aptus.
297 992 437 1057 Maxime
458 1001 567 1058 autem
594 995 740 1058 subvenit
762 1001 795 1057 et
824 992 942 1057 liberat
968 1013 990 1057 a
1015 991 1311 1074 tempestatibns5

150 1093 235 1158 Nam
259 1096 450 1177 quicumque
471 1096 642 1176 perfecerit
663 1103 696 1159 et
722 1096 952 1159 consecraverit
979 1115 1067 1173 eum,
1093 1094 1279 1160 omnimodo

149 1195 339 1278 impetrabit
371 1194 566 1262 libertatem.
612 1200 749 1280 Oportet
781 1205 888 1261 autem
926 1218 999 1261 eum
1028 1196 1185 1278 perficere
1213 1198 1274 1260 sic:

151 1298 289 1379 adeptus
311 1297 452 1380 lapidem
474 1298 549 1363 iube
571 1299 716 1381 sculpere
738 1299 937 1377 scarabeum,
960 1298 1076 1363 deinde
1090 1298 1151 1363 sub
1166 1306 1278 1363 venue

150 1400 219 1463 eius
249 1406 387 1464 stantem
417 1400 552 1465 Isidem.
586 1412 701 1482 postea
728 1401 943 1484 pertundatur
971 1403 1005 1465 in
1035 1400 1277 1482 longitudinem.

149 1500 360 1565 'runcantem
376 1522 507 1565 auream
519 1500 650 1565 fibulam
661 1504 835 1566 immittens
845 1504 879 1567 in
891 1502 977 1567 dicto
988 1510 1094 1585 porta,
1110 1521 1279 1566 consecra·
1296 1518 1325 1569 10

148 1610 217 1665 tum
234 1608 267 1665 et
280 1602 332 1666 iac
345 1601 450 1665 locum
467 1602 637 1688 quemdam
652 1601 771 1667 bonum
786 1605 983 1686 praeparari,
1007 1613 1040 1668 et
1054 1624 1173 1667 ornare
1189 1610 1223 1667 te
1243 1608 1279 1667 et

150 1770 404 1838 posacpntatBing
420 1771 576 1824 hocsensu:
594 1787 634 1824 ex
652 1771 726 1824 imis
743 1780 856 1825 terrae
874 1772 1126 1839 penetralibus
1155 1771 1221 1839 lpse
1237 1776 1278 1824 ta·

147 1854 545 1910 meudeoeusveldeosnm
558 1857 672 1910 coniecit
684 1855 1206 1925 quoddivinialiquidsignificaret
1218 1855 1279 1920 (cir.

147 1938 281 2006 pluralem
297 1941 462 2008 hispanicum
483 1942 597 1995 dioses
615 1942 642 1994 in
661 1941 749 1994 Diezii
767 1942 853 1994 lexico
871 1959 898 2008 p.
918 1946 986 2008 153).

229 2027 283 2080 let
295 2028 316 2078 2
335 2026 497 2093 Smaragdus
515 2042 576 2094 ego
589 2043 623 2079 ex
635 2025 721 2079 Plinio
734 2034 763 2079 et
774 2027 871 2091 blarb„
889 2026 1035 2094 Smamgdo
1052 2045 1067 2077 e
1071 2044 1100 2091 p.
1122 2055 1156 2065 -
1183 2026 1205 2076 2
1218 2025 1279 2090 pul·

149 2110 282 2164 oberimus
299 2129 328 2177 ⁶3
346 2110 433 2163 delevi
451 2118 484 2163 et
502 2120 565 2163 ante
582 2111 634 2175 ad,
652 2112 700 2164 cir.
717 2127 744 2179 p.
759 2115 815 2167 167.
839 2116 877 2165 18.
893 2116 931 2166 19.
947 2142 976 2150 -
991 2112 1010 2162 5
1024 2112 1115 2179 aptus]
1135 2116 1278 2178 aptatus

149 2195 192 2246 rel
210 2203 329 2262 gestus
346 2197 403 2249 sine
420 2212 503 2249 causa
520 2196 587 2249 coni.
605 2197 688 2248 Pitra.
708 2226 737 2234 -
759 2196 935 2262 '7imperabit
955 2197 988 2261 (53
1007 2224 1041 2234 -
1058 2195 1222 2263 8adeptnm
1242 2196 1276 2258 ⁰3

148 2280 265 2347 sculpire
286 2283 318 2346 03
335 2313 369 2321 -
387 2283 406 2334 9
421 2281 536 2334 incidem
557 2281 583 2332 G.
619 2279 763 2334 Caeterum
781 2281 850 2334 haec
870 2281 911 2334 sic
928 2280 1055 2348 leguntur
1071 2281 1098 2332 in
1116 2281 1175 2334 cod
1194 2285 1277 2336 8454:

151 2366 251 2418 ›Evax⁸
269 2366 393 2434 Adeptus
416 2365 531 2434 lapidem
553 2373 661 2433 oportet
687 2367 726 2419 sic
753 2365 854 2433 perfici.
890 2365 947 2419 Fac
974 2367 1001 2418 in
1029 2382 1091 2420 enm
1118 2366 1278 2422 scarabeum

149 2449 243 2517 sculpi,
254 2458 282 2505 et
295 2451 343 2504 sub
356 2468 388 2505 ea
399 2452 489 2519 posita
501 2459 668 2504 constantem
681 2452 720 2519 [et
732 2451 780 2504 sub
790 2467 823 2504 eo
832 2451 932 2503 Iridem
944 2458 1059 2504 stantem
1070 2453 1154 2504 coni
1167 2451 1275 2521 Pitra]

149 2534 245 2588 deinde
263 2535 442 2602 pertundetur
459 2536 486 2587 iu
505 2534 708 2601 longitudinem,
726 2535 817 2602 sicque
836 2536 862 2586 in
881 2550 965 2587 aurea
982 2534 1065 2588 fibula
1081 2533 1277 2603 discoopertus,

149 2620 185 2672 sit
197 2628 382 2674 consecratus«
393 2638 400 2685 ;
413 2650 442 2659 -
456 2635 567 2673 auream
579 2635 627 2673 om
647 2638 695 2685 cp,
713 2618 803 2672 addidi
816 2620 850 2671 ex
862 2619 920 2672 cod.
931 2623 1001 2673 8454
1011 2627 1041 2672 et
1051 2634 1087 2671 ex
1096 2618 1276 2687 Damigerene

149 2704 263 2758 Graeco.
298 2706 342 2757 Ex
360 2705 538 2772 Damigerone
557 2718 654 2771 graeco
672 2703 849 2769 transscripta
867 2718 925 2755 esse
942 2703 1080 2769 videntur,
1099 2719 1170 2771 quae
1186 2706 1216 2756 in
1233 2719 1276 2760 cc·

148 2788 208 2842 dice
220 2789 395 2843 Ambrosiano
408 2792 441 2843 Α.
452 2796 487 2844 95
505 2798 567 2858 post
585 2789 735 2857 prosaicam
747 2787 914 2841 Lithicorum
931 2789 1077 2855 epitomam
1088 2787 1122 2841 de
1134 2788 1276 2856 smaragdo

149 2873 288 2940 leguntur:
312 2875 389 2934 λίθος
408 2876 568 2943 σμάραγδος
584 2877 600 2926 ὁ
617 2874 759 2932 κάλλιστος
776 2875 821 2923 καὶ
839 2874 982 2936 πολύτιμος
999 2873 1111 2935 δύναμιν
1130 2872 1187 2944 ἔχει
1205 2873 1277 2942 πρὸς

149 2962 239 3011 πᾶσαν
264 2961 351 3031 χάριν
379 2961 423 3011 καὶ
451 2961 587 3031 ἐπιτυχίαν
611 2960 640 3009 ἐν
665 2959 739 3027 πάσῃ
763 2958 878 3024 πράξει·
900 2959 964 3018 τοὺς
984 2959 1015 3010 δὲ
1036 2958 1125 3026 άχνῶς
1144 2958 1277 3023 βιοῦντας

151 3043 230 3106 αὔξει
253 3046 307 3115 βίῳ
325 3063 356 3097 τε
376 3045 420 3096 καὶ
443 3047 514 3116 λόγῳ
537 3045 581 3095 καὶ
603 3044 753 3112 πράγματι·
777 3047 851 3095 ποιεῖ
870 3043 900 3094 δὲ
916 3044 987 3109 πρὸς
1011 3043 1210 3110 ὑδρομαντείας
1232 3042 1276 3094 καλ

149 3130 252 3190 δυάλυις
269 3133 339 3198 πρὸς
356 3130 516 3197 ἐλευθερίαν
535 3130 737 3194 συμβάλλεται·
759 3129 797 3188 ὣς
813 3129 873 3194 (sic)
895 3129 951 3197 γὰρ
974 3129 1057 3180 αὐτὸν
1081 3130 1274 3196 κατασκευάσῃ

149 3217 210 3281 (sict
228 3217 272 3268 καὶ
290 3218 403 3286 πελήσει
426 3216 488 3282 (sic)
511 3215 621 3266 πάντων
641 3213 820 3271 ἐπιτεύξεται.
847 3213 942 3263 δεῖδὲ
967 3213 1051 3263 αὐτὸν
1075 3213 1276 3264 κατασκευάσαι

149 3300 244 3361 οὕτως·
270 3303 439 3371 κτησάμενος
463 3302 510 3354 τὸν
534 3300 609 3351 λίθυν
627 3300 722 3351 κέλευε
740 3299 874 3360 ἀδάμαντι
891 3297 1024 3364 γλυφῆναι
1040 3297 1197 3365 κάνθαρον·
1215 3293 1275 3347 εἶτα

150 3387 189 3444 εἰς
206 3385 255 3453 τὴν
273 3386 372 3437 κοιλίαν
391 3387 476 3437 αὐτοῦ
496 3388 621 3436 ἑστῶσαν
640 3383 704 3435 ἴσιν·
724 3383 817 3434 ἔπειτα
834 3383 975 3450 τράπησον
995 3381 1035 3440 εἰς
1050 3385 1146 3448 μῆκος·
1168 3380 1213 3432 παλ
1230 3381 1274 3443 ἐμ.

148 3471 259 3535 βάλλων
276 3476 385 3542 χρυσῆν
403 3471 528 3535 βελάνην
546 3471 627 3536 φόρει
646 3469 710 3534 περὶ
728 3468 776 3520 τὸν
795 3467 936 3518 δάκτυλον.
955 3465 1035 3524 οὗτος
1052 3467 1068 3516 ὁ
1087 3465 1164 3524 λίθος
1180 3466 1274 3533 γεννά-

149 3573 191 3608 τει
208 3557 237 3606 ἐν
258 3556 328 3608 ἰνδία
346 3557 414 3606 ὅπου
432 3557 447 3606 δ
465 3558 562 3621 φυσῶν
583 3553 704 3615 ποταμὸς
723 3555 752 3603 ἐι
770 3556 818 3603 τοῦ
837 3551 1006 3618 παραδείσου
1021 3551 1173 3620 ἐξέρχεται,
1194 3548 1274 3608 οὗτος

149 3642 247 3709 ὅρασιν
266 3641 323 3711 ἔχει
340 3641 434 3702 δμυίαν
452 3643 489 3708 τῇ
503 3639 573 3708 χλόῃ
594 3644 641 3705 τῆς
657 3643 720 3705 γῆς·
744 3637 788 3689 καὶ
805 3637 820 3686 δ
837 3636 888 3697 μὲν
912 3634 1063 3704 πρασώδης
1085 3633 1170 3694 οὕτως
1188 3634 1274 3686 καλεῖ·

151 3744 194 3777 ται
210 3727 317 3795 ρωνίας.
336 3726 398 3776 δδὲ
417 3724 493 3789 παρὰ
504 3726 603 3773 τοῦτον
622 3722 817 3791 ὑποχλιυρίζιυν
841 3721 949 3785 λέγεται
974 3719 1132 3785 σμάραγδυς
1154 3717 1273 3787 ὑαττορί-

150 3813 211 3870 ζων.
229 3841 263 3849 -
280 3812 315 3864 10
332 3809 441 3863 fibulam
459 3808 565 3860 missam
584 3825 605 3871 c,
623 3805 705 3859 fibula
716 3807 824 3858 inmissa
834 3804 936 3870 Ring,
954 3804 982 3855 in
997 3802 1106 3856 fibulam
1123 3804 1232 3857 missum
1244 3821 1273 3868 p,

160 3892 258 3947 '‘iulam
275 3895 413 3947 inmittens
431 3907 491 3958 ego
510 3906 545 3943 ex
557 3890 735 3957 Damigerone
748 3904 855 3956 graeco3
870 3918 905 3928 -
918 3888 945 3941 in
959 3886 1030 3940 dicto
1043 3887 1128 3957 Ring
1139 3904 1175 3941 ex
1186 3886 1274 3941 Dami-

204 3993 251 4032 nne
268 3994 375 4045 graeco,
393 3975 452 4029 dico
470 3995 496 4043 c,
517 3975 605 4028 dicato
622 3991 653 4040 p3
677 3983 847 4035 consecrato,
870 3973 897 4034 C,
918 3988 987 4026 corr.
1004 3972 1080 4025 Pitra
1097 3973 1125 4025 iu
1143 3974 1223 4028 notis.
1243 4000 1273 4011 -

337 4068 364 4115 *n
381 4078 437 4127 op;
455 4076 521 4114 orna
539 4066 583 4127 (ε
601 4057 706 4123 ordina)
722 4058 804 4111 ritum
821 4058 910 4126 Ring
