2866 4620
607 351 818 414 ..63-

150 538 197 605 qui
215 542 304 590 16666
322 534 410 588 addit:
437 536 553 590 1161166
571 535 630 590 loco
648 535 759 590 6661666
772 534 1004 597 616116616661166,
1023 538 1051 586 et
1068 533 1167 587 similes
1185 534 1279 587 termi·

151 622 275 675 nationes
293 635 418 674 versuum
434 623 485 674 266
502 627 531 673 61
548 620 706 690 2676616]
727 620 830 674 iaciunt
847 627 878 673 ut
895 619 1024 688 suspicer,
1042 619 1113 673 16161
1131 619 1198 674 6666
1215 619 1275 675 illos

151 721 244 760 versus
260 704 402 758 nonnullos
419 705 600 768 intercidisse,
623 705 651 758 in
670 705 766 774 quibus
788 705 821 759 de
839 704 892 759 6116
914 705 1029 774 666666
1047 703 1137 772 166166
1155 703 1274 760 66116116

150 791 259 858 1666616
277 789 320 842 sit.
354 791 506 843 Potestates
525 795 611 857 certe,
634 804 703 858 6666
720 790 832 843 inferius
849 797 1043 857 memorantur,
1061 789 1184 856 anullo,
1204 786 1275 856 quod

152 875 242 937 sciam,
261 875 392 941 scriptore
409 873 507 942 iaspidi
524 873 688 935 tribuuntur,
707 887 799 928 earum
814 881 906 928 autem
922 874 1058 942 principes
1069 872 1240 943 hephaestite
1258 886 1275 926 a

152 960 238 1014 Plinio
257 960 291 1014 N.
309 959 343 1013 H.
362 958 552 1012 xxxviiia
574 963 601 1011 61
623 957 770 1012 Μ61116666
794 973 852 1027 666.
869 958 997 1011 xxxii«.
1033 958 1111 1012 Hanc
1132 964 1223 1011 autem
1242 953 1275 1010 de

151 1043 248 1097 166666
266 1042 444 1110 suspicionem
461 1044 569 1096 missam
592 1042 657 1096 16611
677 1043 782 1111 Tyrwh.
800 1051 943 1112 postquam
961 1044 1095 1112 epitomae
1112 1056 1164 1110 ope
1183 1055 1276 1095 versus

153 1130 267 1197 271666.
286 1128 319 1182 66
338 1126 455 1197 lychnite
477 1141 530 1182 non
554 1127 588 1181 (16
606 1126 709 1196 iaspide
727 1127 813 1182 dictos
832 1142 890 1181 6666
908 1127 1042 1180 intellexit
1048 1147 1056 1189 ;
1080 1133 1277 1196 6666616666

152 1213 204 1266 1166
221 1212 253 1266 66
266 1228 348 1266 66666
360 1212 497 1281 vulgatam
513 1219 587 1267 recte
600 1228 628 1267 66
641 1213 742 1267 11611616
760 1212 900 1280 16616666
919 1213 983 1266 61611
1002 1213 1084 1266 enim:
1103 1227 1153 1265 rex
1170 1211 1212 1265 his
1229 1226 1276 1279 pa·

151 1306 201 1362 tet,
218 1297 328 1365 opinor,
352 1313 458 1351 versum
475 1298 526 1352 267
547 1298 640 1368 [vulg]
660 1313 739 1366 66661
757 1298 840 1352 661611
858 1298 943 1352 voluit
960 1297 1066 1352 Ruhnk.
1085 1297 1119 1351 ab
1137 1296 1276 1367 11611666-

151 1393 211 1440 tore
229 1390 320 1439 nostro
338 1383 366 1437 in
385 1383 533 1452 exemplari
550 1398 598 1437 666
618 1384 716 1439 lectum
734 1384 830 1446 luisse3
850 1384 922 1452 quod
940 1389 1030 1437 tamen
1047 1399 1090 1436 me
1108 1399 1161 1436 non
1178 1388 1276 1450 movet,

151 1471 215 1539 6616
239 1476 289 1524 661
307 1470 383 1524 11166
407 1469 563 1533 66166666,
585 1478 634 1524 661
655 1472 771 1539 priorem
794 1471 895 1536 (nescio
921 1469 1064 1538 quomodo)
1082 1467 1276 1523 emendandum

151 1554 291 1609 iudicemr.
326 1554 473 1608 Hermanni
496 1557 565 1609 11666
588 1561 630 1609 661
648 1563 726 1609 nota:
753 1555 887 1610 »Xoenius
911 1555 945 1609 66
968 1555 1049 1622 Grcg.
1068 1554 1127 1608 (161.
1146 1553 1276 1623 635116

150 1640 201 1693 hos
224 1655 317 1693 versus
340 1638 476 1694 emendat:
504 1642 551 1692 καί
574 1641 600 1693 oi
624 1641 781 1709 καρφαλέας
808 1642 920 1709 νεφέλαι
946 1641 1108 1710 κσρὲσονσιν
1138 1638 1275 1707 ἀρούρας·

150 1719 207 1775 Ἠὄὲ
225 1724 268 1774 rol
286 1723 460 1794 αὐχμηρῇσιν
479 1721 554 1792 ἄγοις
571 1724 653 1776 πολὺν
673 1723 779 1795 ὄμβρον
798 1727 941 1795 ἀρούραις,
961 1732 1096 1793 postremo
1116 1739 1194 1778 versu
1212 1738 1276 1790 poe·

151 1815 208 1862 tam
225 1815 300 1861 16166
318 1806 486 1876 6116666166
504 1823 562 1862 6666
582 1824 641 1861 666
659 1809 832 1876 sequentibus
843 1824 894 1863 uss.
912 1811 999 1877 ipsum
1016 1810 1142 1878 1661666.
1169 1807 1231 1861 1166
1248 1805 1276 1859 in

150 1911 175 1947 v.
194 1895 245 1947 266
263 1899 293 1946 61
310 1898 390 1959 66161
407 1892 512 1960 Tyrwh.
530 1892 577 1946 sed
595 1893 623 1945 in
641 1909 665 1946 r.
683 1895 733 1947 267
751 1894 845 1946 vitium
863 1892 937 1946 16161.
973 1894 1086 1961 Scripsit
1104 1893 1175 1946 enim
1194 1895 1276 1959 66616

152 1978 202 2048 ἥδε
219 1977 274 2046 γὰρ
293 1978 464 2049 αὐχμηρῇσιν
483 1975 543 2044 ἄγει
561 1977 641 2030 πολὺν
661 1977 768 2045 ὄμβρον
786 1977 926 2046 ἀρούραις.
956 1978 1000 2030 116
1011 1977 1107 2045 616666
1119 1982 1275 2029 6616611666.

152 2066 219 2119 Cum
236 2063 348 2134 iaspide,
366 2064 461 2132 inquit,
480 2064 502 2117 61
521 2063 581 2132 6616
598 2063 663 2118 6666
681 2063 770 2126 66661,
789 2063 866 2116 616616
878 2063 950 2129 agris
962 2062 1046 2115 nubes
1059 2061 1174 2114 mittent.
1200 2060 1276 2113 Haec

151 2150 222 2203 enim
245 2151 285 2204 vis
308 2157 350 2205 est
372 2151 451 2204 huius
474 2149 584 2218 1661616,
612 2155 643 2203 61
665 2148 777 2203 imbrem
802 2148 898 2202 cleatr.
921 2145 992 2200 Wiel
1011 2162 1038 2215 p.
1055 2149 1085 2201 41
1115 2143 1277 2212 invulgata

152 2235 286 2302 scriptura
311 2235 439 2290 »eandem
461 2235 488 2287 in
513 2241 628 2304 utroque
649 2249 728 2288 versu
752 2233 978 2298 terminationem,
1002 2231 1085 2285 verba
1102 2230 1276 2299 tautologica,

151 2318 349 2387 copulationem
365 2336 415 2390 per
432 2320 481 2391 ηθὲ
499 2319 542 2371 661
560 2320 692 2387 1166166,
716 2319 865 2387 optativum
884 2314 943 2385 ὄγοι
963 2315 1192 2384 inexplicabilem,
1217 2329 1276 2368 ora-

152 2404 232 2458 tionis
250 2406 346 2459 seriem
364 2404 517 2460 confusam«
536 2403 711 2473 reprehendit
729 2403 915 2458 61Η6166661
928 2403 1083 2457 coniectura
1100 2400 1276 2456 offensionum

150 2489 287 2543 minimam
310 2497 416 2559 partem
438 2497 582 2552 remotam,
607 2488 685 2556 longe
710 2488 894 2555 gravissimam
913 2488 1036 2541 relictam
1059 2502 1117 2542 6666
1140 2485 1274 2555 66611166

151 2589 234 2642 66616
247 2575 416 2642 transpositis
428 2573 548 2627 versibus
563 2571 694 2640 simulque
707 2577 811 2639 partem
824 2570 957 2625 Xoeniani
974 2572 1076 2625 inventi
1093 2577 1203 2625 auctore
1219 2583 1273 2622 non

152 2658 289 2713 nominato
307 2659 440 2726 recipiens
458 2657 546 2710 locum
564 2657 604 2710 sic
621 2656 774 2709 constituit:

255 2743 305 2812 ἥδε
324 2742 367 2793 καὶ
385 2741 530 2812 αὐχμηρῇς
552 2739 625 2810 [6161]
647 2757 692 2792 κον
712 2737 773 2809 ἄγοι
790 2740 874 2793 πολὺν
893 2738 1000 2809 ὄμβρον
1020 2742 1070 2792 ἀπ’
1088 2739 1174 2809 αόρης

259 2827 305 2880 καί
319 2828 343 2878 oi
361 2826 519 2897 καρφαλέας
536 2824 647 2895 νεφέλαι
666 2826 827 2896 κορέσουσιν
847 2825 978 2895 ἀρούρας.

155 2913 207 2967 1166
224 2919 289 2968 6616
306 2912 412 2967 addita:
433 2910 535 2978 »Quom
552 2917 644 2964 antem
661 2910 740 2964 166116
758 2910 792 2964 ab
811 2911 897 2965 altero
911 2925 991 2965 versu
1009 2910 1044 2965 ad
1062 2909 1175 2964 alterum
1193 2910 1276 2964 666116

152 2997 273 3051 aberrari
289 2997 422 3066 potuerit,
440 2995 539 3065 probat
556 2996 695 3063 utriusque
713 2996 909 3050 terminationis
926 2995 1086 3062 similitud03
1108 3002 1136 3048 et
1153 3010 1211 3049 esse
1231 2994 1276 3049 ab·

154 3088 273 3137 erratum
290 3082 355 3136 mihi
373 3081 481 3150 quidem
497 3080 644 3150 persuadet
661 3080 742 3143 illud,
767 3080 838 3149 quod
858 3081 908 3151 ἥδε
925 3080 972 3132 καί
985 3080 1014 3135 16
1032 3080 1181 3148 6661611616
1198 3095 1277 3136 versu

155 3169 283 3237 ineptum,
303 3167 470 3236 aptissimum
488 3173 530 3220 est
547 3167 574 3219 in
588 3166 686 3235 priore.
715 3166 775 3219 Hoc
785 3165 864 3221 modo
877 3166 978 3220 serrari
988 3165 1063 3219 rides
1075 3164 1174 3219 codicis
1186 3165 1278 3218 lectio·

152 3268 201 3308 nes
218 3253 265 3304 καί
280 3250 395 3320 616661,
413 3252 509 3305 evitari
527 3258 638 3319 praeter
655 3249 709 3304 alia
728 3249 895 3304 incommoda
915 3251 997 3304 etiam
1015 3247 1088 3319 ἄγειν
1107 3247 1196 3304 datico
1215 3263 1278 3303 con-

152 3338 286 3404 iunctum,
310 3338 381 3405 quod
404 3335 496 3403 aliqua
518 3342 592 3390 certe
616 3334 762 3389 offensione
784 3335 955 3404 1116661166
974 3342 1145 3390 1166661616.
1182 3334 1277 3403 [Immo

151 3421 237 3476 nostri
254 3435 332 3474 usum
349 3419 476 3487 loquendi
493 3435 574 3488 quam
590 3419 706 3473 maxime
724 3420 807 3489 sapit3
825 3419 872 3473 clr.
885 3435 910 3474 v.
923 3424 947 3475 8.
960 3424 986 3476 2.
1005 3420 1182 3473 ἀθανάτοισιν
1202 3417 1274 3486 ἄγων

150 3509 290 3561 6161191
317 3505 389 3573 vulg.
412 3505 491 3574 ἀγρῷ
513 3507 623 3574 τραῦμα
646 3506 808 3575 maccam]
844 3503 904 3573 Ego
923 3504 1153 3558 normannicarum
1175 3502 1277 3571 recepi,

152 3609 214 3648 cum
230 3594 260 3648 in
276 3591 395 3647 violenta
412 3590 504 3645 Wielii
526 3591 675 3645 mutatione
696 3591 777 3645 etiam
799 3591 941 3662 αὐχμηρῆς
958 3591 1008 3642 ἀπ’
1027 3588 1114 3660 αὔρης
1136 3588 1200 3656 (616,
1223 3600 1278 3640 166

154 3677 298 3747 σύχμηρῇς
310 3676 500 3733 6661616166
515 3678 593 3744 6616)
610 3674 719 3744 ὄμβρον
731 3673 806 3742 ὄγιιν
823 3675 945 3743 1666166
957 3689 1015 3729 6666
1027 3675 1158 3729 videatur.
1172 3702 1206 3713 -
1221 3673 1277 3743 271

153 3760 245 3830 λύχνος
263 3761 290 3811 δ’
303 3760 333 3812 ἐκ
345 3761 439 3813 πεδίον
449 3760 552 3830 ῥοθίων
565 3759 685 3828 ἀπόερξε
694 3759 817 3831 χάλαζαν
829 3761 863 3823 Α,
876 3760 922 3829 qui
933 3760 997 3829 περὶ
1015 3758 1140 3830 λυχνίτον
1154 3756 1279 3812 1161161111

153 3860 248 3912 marg,
266 3846 364 3900 611611.
378 3844 517 3901 66666161
534 3846 606 3915 6666
623 3845 744 3915 ὰπόοργε
756 3844 830 3913 dett,
845 3841 938 3916 Ἅχνης
954 3845 986 3908 Β,
1005 3844 1110 3914 Λύχνης
1121 3842 1160 3912 Μ,
1179 3842 1280 3913 αόχνης

153 3932 184 3997 Ρ,
197 3927 287 3983 Polv
299 3929 400 3987 61661.
414 3930 581 4000 6616616611.
593 3931 640 4000 qui
655 3935 803 3998 praeeunte
816 3929 909 3983 Perdr.
922 3928 1027 3999 σόχμης
1044 3926 1127 3982 66611.
1153 3927 1186 3980 16
1203 3925 1280 3982 6666.

151 4014 277 4071 66611166
295 4013 396 4085 οόχνης
412 4016 521 4086 (λθχνης
538 4019 602 4081 616.)
626 4015 667 4069 116
689 4015 818 4083 66116166
842 4020 896 4081 661,
921 4010 1074 4067 61666116
1094 4009 1209 4065 1666611
1227 4010 1279 4063 hoc

155 4148 235 4189 16166
253 4131 343 4202 166166
361 4132 495 4200 66161616
510 4132 650 4187 indicetur.
668 4132 771 4202 ῥοθίων
790 4113 975 4187 6666.’66666
993 4095 1105 4200 (pedion
1118 4130 1152 4196 V)
1173 4133 1200 4182 61
1219 4124 1277 4181 666.
