2866 4620
656 333 870 396 ..10-

201 541 254 586 me
275 519 396 586 frustra
417 520 564 604 quaesita
585 539 606 582 a
621 518 763 584 Gesnero
779 516 898 584 collata
915 522 974 596 est,
999 517 1055 600 qui
1077 516 1231 583 nonnulla
1252 539 1331 601 pro·

200 624 274 707 pria
302 623 337 688 in
369 643 408 687 ea
435 623 536 686 inesse
558 621 720 687 iudicavit.
765 619 829 686 Sed
857 619 976 685 nullum
1006 618 1113 685 ‹luntis
1140 618 1184 684 ad
1216 640 1328 685 manus

201 724 298 791 fuisse
319 723 436 789 librum
458 722 718 805 manuscriptum,
741 743 843 806 neque
865 723 930 787 alia
945 742 1015 789 esse
1029 721 1162 805 propria
1176 720 1243 800 illa,
1263 721 1325 787 nisi

201 847 292 892 mera
313 827 586 911 typographorum
608 824 807 909 sphalmata,
829 831 923 908 patet
944 847 984 891 ex
1007 825 1110 890 altera
1132 824 1234 889 nostri
1256 844 1327 889 car·
1372 910 1375 917 Α

201 931 297 995 minis
318 929 456 999 editione
479 928 611 994 Juntina
634 928 710 993 anni
733 929 831 1006 1540,
862 947 944 1013 quae
970 926 1170 1011 paucissimis
1199 931 1326 990 tantum

202 1031 280 1098 loeis
304 1031 425 1096 leviora
448 1029 583 1095 Aldinae
606 1030 684 1094 vitia
708 1029 861 1107 correxit,
885 1029 1072 1111 ceteroquin
1094 1033 1202 1095 autem
1224 1028 1326 1109 magis

202 1134 299 1198 etiam
324 1134 528 1218 neglegenter
550 1133 708 1215 impressa
730 1136 787 1210 est,
817 1151 919 1214 quare
942 1152 1005 1196 non
1028 1130 1120 1195 valde
1144 1129 1325 1207 dolendum,

202 1235 290 1318 quod
318 1236 454 1302 ethaeo
485 1235 601 1313 editio,
633 1240 665 1300 et
695 1256 734 1300 ex
763 1254 802 1300 ea
832 1254 985 1317 expressa
1012 1234 1157 1317 proxime
1190 1251 1326 1315 sequens

200 1337 336 1419 Ferrea,
364 1338 501 1403 editores
529 1336 693 1419 hucusque
725 1336 830 1400 latuit.
880 1335 988 1401 Editio
1018 1336 1102 1401 enim
1131 1335 1327 1400 Lithioorum

201 1439 323 1505 Ferrea
344 1460 428 1523 quae
450 1461 480 1504 a.
505 1442 586 1505 1543
611 1439 752 1504 Venetiis
774 1459 814 1503 ex
845 1438 971 1504 officina
992 1438 1114 1503 Ferrea
1143 1437 1264 1521 prodiit
1293 1437 1326 1503 in

200 1539 340 1622 plurium
363 1546 531 1622 poetarum
554 1559 740 1623 graecorum
764 1539 965 1618 collectione,
993 1560 1083 1605 mera
1109 1541 1253 1624 repititio
1276 1543 1325 1604 est

203 1641 223 1704 J
226 1642 358 1706 untinae
385 1641 559 1720 secundae,
588 1642 677 1706 cuins
708 1661 831 1728 errores
860 1641 1083 1724 typographici
1110 1642 1143 1705 in
1171 1663 1210 1706 ea
1237 1663 1328 1706 num-

202 1763 301 1826 quam
316 1745 460 1820 correcti,
476 1745 662 1827 saepissime
674 1745 761 1808 aucti
775 1749 859 1809 sunt.
893 1743 1016 1808 Harum
1030 1744 1126 1809 trium
1139 1743 1327 1823 editionum,

202 1866 283 1929 quas
306 1871 327 1910 a
349 1846 387 1930 if
404 1844 492 1927 siglis
514 1848 632 1925 notavi,
657 1851 841 1913 accuratam
865 1844 1081 1925 collationem,
1110 1846 1234 1911 omissis
1256 1851 1327 1910 tan·

200 1953 270 2012 tum
302 1947 442 2030 propriis
465 1947 618 2013 Juntinae
647 1948 696 2013 vel
719 1948 858 2012 Ferreae
885 1947 936 2012 vel
957 1948 1125 2029 utriusque
1153 1947 1326 2029 erroribus,

201 2050 286 2114 notis
307 2050 443 2128 inserui,
474 2055 510 2114 ut
540 2050 640 2131 magis
663 2049 773 2123 etiam,
805 2066 902 2131 quam
925 2048 1088 2130 hucusque
1118 2048 1239 2112 factum
1266 2055 1325 2127 est,

201 2157 370 2237 appareat,
392 2156 547 2236 quantum
564 2171 691 2216 carmen
706 2157 851 2215 nostrum
866 2149 1003 2214 Henrico
1020 2150 1182 2233 Stephano
1199 2149 1327 2227 debeat,

202 2255 257 2338 qui
268 2274 297 2318 a.
316 2256 398 2319 1566
409 2255 443 2317 in
455 2253 654 2336 praeclaram
666 2273 756 2318 suam
772 2254 936 2336 epicorum
949 2272 1135 2335 graecorum
1152 2252 1325 2317 editionem

204 2355 358 2438 (nPoetae
380 2354 496 2420 Graeci
512 2354 675 2437 Principes
690 2354 818 2420 Heroici
841 2354 990 2419 carminis
1013 2358 1046 2419 et
1068 2353 1123 2417 alii
1145 2353 1323 2436 nonnullis)

200 2457 298 2522 etiam
321 2457 442 2540 Orphei
464 2455 589 2520 Lithica
616 2457 746 2539 recepit.
792 2456 875 2521 Usus
902 2461 951 2520 cst
973 2455 1172 2538 Stephanus,
1199 2460 1235 2520 ut
1256 2456 1326 2538 ipse

198 2558 330 2639 latetur,
356 2559 426 2625 sola
448 2559 588 2624 editione
604 2558 729 2638 Aldina,
753 2565 786 2623 ct
807 2560 860 2624 hic
881 2558 956 2623 inde
973 2561 1109 2625 Tretzae
1131 2558 1325 2635 testimonio,

199 2661 257 2727 sed
275 2667 402 2727 tantum
419 2661 565 2746 pollebat
581 2662 702 2744 ingenii
718 2663 872 2741 acumine,
887 2667 923 2726 ut
934 2661 1073 2745 plurima
1090 2659 1225 2724 Aldinae
1240 2679 1325 2724 men-

199 2762 257 2842 da,
281 2764 379 2827 etiam
408 2764 573 2846 graviora,
596 2762 733 2827 feliciter
754 2763 892 2829 tolleret.
937 2763 1092 2847 Stephani
1121 2767 1229 2827 textus
1251 2764 1327 2844 post

198 2863 343 2929 Jacobi
377 2862 511 2926 Lectii
540 2863 687 2928 Poetae
717 2862 897 2928 Graecos
927 2864 1088 2946 (Aureliae
1117 2864 1324 2948 Allobrogum

200 2968 297 3049 1606)
326 2964 482 3049 repetitus
510 2969 559 3028 est
588 2963 630 3028 ab
660 2964 790 3029 Andrea
812 2964 996 3030 Christiano
1022 2965 1263 3031 Eschenbachio
1291 2966 1325 3030 in

202 3066 415 3151 Orphicorum
444 3064 585 3131 editione
614 3085 643 3132 a.
674 3067 756 3131 1689
786 3066 923 3132 Traiecti
953 3067 995 3131 ad
1025 3066 1169 3132 Rhenum
1198 3088 1324 3148 excusa,

199 3167 316 3234 addita
331 3167 476 3233 versione
491 3167 602 3246 latina,
625 3168 743 3250 inqua
765 3169 863 3234 tacite
885 3169 1037 3235 nonnulla
1051 3169 1196 3248 mutavit,
1218 3171 1324 3235 rarius

199 3268 379 3335 emendarit
401 3268 618 3334 Eschenbach.

286 3370 519 3436 Eschenbachii
546 3373 722 3438 versionem
744 3373 878 3439 latinam
909 3375 1053 3459 plurimis
1075 3376 1153 3442 locis
1176 3377 1322 3456 correxit,

196 3473 302 3548 varias
330 3472 482 3537 lectiones
508 3472 642 3538 Aldinae
672 3480 705 3538 et
732 3474 902 3554 Juntinae,
940 3478 1217 3560 neglegentissime
1251 3476 1323 3541 illas

197 3579 374 3658 excerptas,
398 3579 431 3638 et
452 3578 545 3638 notas
566 3574 692 3640 criticas
713 3576 802 3641 haud
825 3579 932 3661 magni
953 3581 1049 3661 pretii
1071 3579 1175 3644 textui
1196 3578 1323 3643 addidit

196 3676 217 3741 J
219 3678 269 3743 oh.
282 3676 398 3743 Matth.
411 3676 541 3753 Gesner,
559 3677 647 3741 ouius
662 3678 762 3743 editio
777 3685 1002 3762 postmortem
1018 3681 1085 3746 eius
1101 3699 1121 3744 a
1136 3679 1211 3744 Chr.
1222 3679 1323 3746 Ham·

195 3780 330 3862 bergero
346 3784 458 3844 curata
473 3777 601 3860 Lipsiae
616 3779 737 3861 prodiit
752 3800 781 3844 a.
800 3784 898 3860 1164,
921 3788 1018 3846 aucta
1033 3780 1210 3864 neglegenti
1225 3781 1320 3847 colla·

196 3882 284 3948 tione
297 3880 372 3946 libri
383 3880 520 3946 Parisini
531 3879 574 3945 ab
585 3880 732 3947 Ernestio
745 3883 889 3948 confecta
901 3889 934 3948 et
945 3903 966 3948 a
977 3883 1166 3949 Ruhnkenio
1179 3883 1321 3950 Gesnero

196 3983 328 4048 donate.
351 4019 391 4030 —-
416 3982 537 4047 Deinde
561 3988 712 4065 separato
735 3983 843 4049 libello
867 3985 1005 4050 Thomas
1020 3984 1175 4069 Tyrwhitt
1196 3985 1322 4051 Lithica

197 4083 299 4150 edidit
315 4083 453 4152 Londini
474 4087 568 4165 1781,
591 4105 631 4150 ex
654 4105 717 4170 qua
739 4084 879 4152 editione
901 4086 1036 4169 quaein
1058 4088 1142 4155 notis
1164 4086 1260 4152 attuli
1281 4106 1321 4152 ex
