2866 4620
595 319 831 381 -1'14-

466 587 550 652 XIV.
584 587 706 669 Lapis
733 587 974 671 sapphirus.

238 738 415 821 Sapphirus
429 760 504 802 vero
519 739 602 821 lapis
624 739 852 804 honorificatus
874 746 924 803 eat
943 737 1149 802 vehementer
1170 759 1191 802 a
1214 738 1281 804 deo.

154 843 280 907 Dicitur
302 847 409 905 autem
432 842 519 922 apud
542 841 697 924 quosdam
722 843 912 906 Ormiseum.
950 840 1044 904 Hunc
1064 839 1209 922 lapidem
1234 861 1282 905 so

151 945 218 1009 lent
247 965 338 1025 reges
367 948 493 1026 gestare
524 945 610 1007 circa
639 943 790 1021 cervices;
820 942 994 1007 maximum
1023 942 1109 1004 enim
1137 947 1282 1006 tutamen

152 1053 210 1110 est
248 1045 355 1110 Habet
378 1052 486 1110 autem
509 1046 592 1108 vires
614 1045 688 1108 bas:
711 1046 898 1110 inviolatum
922 1044 964 1107 ab
984 1043 1070 1107 omni
1087 1042 1188 1108 livore
1209 1049 1311 1109 oon-5

152 1154 260 1212 servat
283 1149 442 1212 bominem
471 1154 503 1210 et
526 1145 696 1210 amabilem
719 1146 779 1212 deo
802 1147 909 1224 efficit,
932 1151 965 1209 et
986 1165 1124 1226 corpora
1147 1145 1281 1226 praebet

153 1251 280 1332 integra
303 1256 336 1314 et
357 1249 433 1313 boni
455 1248 581 1327 colmie,
604 1254 637 1312 et
652 1248 802 1312 sudorem
822 1248 956 1312 multum
972 1245 1123 1311 fluentem
1148 1247 1280 1313 circum·

154 1352 271 1434 ligatus
294 1351 476 1434 compescit,
506 1355 540 1414 et
561 1349 710 1414 ardorem
734 1371 858 1415 omnem
880 1348 1042 1412 interioris
1064 1350 1171 1430 partis
1193 1369 1280 1415 amo·

116 1519 119 1522 ,
151 1459 204 1517 vet
225 1453 267 1517 ab
291 1476 329 1518 eo
352 1454 406 1536 qui
429 1474 501 1516 eum
523 1455 643 1534 portat.
680 1452 853 1515 Praeterea
874 1450 918 1514 ad
940 1455 1049 1514 vetera
1069 1449 1179 1514 ulcera
1202 1471 1275 1514 con-

153 1555 249 1617 tritus
271 1574 343 1618 cum
365 1553 449 1617 lacte
478 1557 512 1616 et
538 1553 759 1635 superpositus
787 1572 934 1635 magnam
965 1549 1124 1615 medelam
1147 1550 1218 1630 dat,
1245 1556 1277 1616 et
1294 1551 1325 1603 1⁰

153 1655 326 1738 epiphoras
349 1655 511 1720 oculorum
540 1662 634 1719 sanat
662 1661 695 1718 et
723 1661 828 1719 motus
856 1654 979 1751 frontis.
1025 1653 1068 1716 Et
1096 1654 1123 1716 si
1154 1655 1227 1735 quis
1248 1654 1280 1718 in

153 1757 327 1821 visceribus
350 1758 505 1822 torsiones
527 1757 686 1833 habuerit,
710 1777 782 1820 cum
800 1755 884 1820 lacte
899 1762 1030 1838 potatus
1048 1760 1152 1820 sanat
1189 1755 1280 1819 Etsi

152 1935 240 1989 fectus
262 1935 290 1997 0,
309 1936 433 2001 profectu
450 1934 556 2000 (datin.)
573 1933 657 1987 coni.
675 1933 773 2000 Βίης,
793 1931 969 1986 »conficiebat
986 1932 1083 2000 aitquia
1104 1932 1277 2000 pellector.

155 2019 208 2073 Sed
221 2019 378 2088 praeplacet
395 2020 582 2087 perfector,
603 2018 692 2071 Tullio
704 2034 756 2070 non
768 2018 862 2085 Ignota
872 2033 941 2070 vox«
959 2017 1066 2084 Pitra,
1084 2017 1131 2085 qui
1149 2018 1183 2072 ad
1200 2017 1278 2071 finem

150 2105 230 2158 huius
247 2104 354 2158 articuli
372 2111 496 2158 annotat:
521 2103 648 2156 »Brevior
665 2107 780 2156 caeteris
798 2102 941 2170 articulus,
958 2101 1006 2155 ced
1023 2103 1164 2169 augendus
1182 2118 1197 2156 e
1216 2119 1277 2158 con·

154 2190 233 2242 simili
251 2197 301 2242 art.
319 2189 422 2254 xxm,
440 2188 485 2240 ubi
503 2188 564 2241 vide
583 2188 661 2240 nnn
680 2195 707 2241 ei
725 2188 821 2241 Isidori
839 2203 1003 2242 censuram
1306 2174 1311 2180 ’

197 2275 279 2325 1112
292 2273 406 2340 Saphiro
422 2273 528 2338 0;-3
542 2272 723 2325 Ormiaeum
734 2273 1277 2342 PliniiHormiscionesoeparnmpro-

152 2359 278 2412 habiliter
286 2364 365 2425 putat
371 2358 454 2424 Pitra,
467 2358 525 2422 (cfr.
535 2358 602 2409 Ptin.
611 2356 748 2424 XXXVII,
757 2361 799 2418 60,
812 2361 872 2411 168:
884 2358 1067 2413 »Hormiacion
1079 2359 1151 2412 inter
1162 2360 1278 2426 gratissi·

151 2459 209 2496 mas
222 2444 370 2511 adspicitur
383 2459 417 2495 ex
432 2443 510 2510 igneo
527 2444 614 2497 colore
626 2443 735 2497 radians
750 2460 816 2497 auro
832 2451 957 2510 portante
974 2459 1064 2498 aecum
1082 2445 1110 2497 in
1125 2446 1277 2499 extremita-

151 2529 223 2582 tibus
242 2528 382 2582 candidam
401 2528 506 2593 lucem),
524 2528 598 2581 Aetii
611 2528 648 2591 (ΙΙ
660 2532 705 2593 47)
724 2529 864 2594 oppetitae
880 2528 1045 2596 (opporteat,
1063 2529 1233 2596 ἁρμουθὲου,
1245 2560 1276 2570 ·-

155 2613 245 2680 θέους,
262 2643 296 2652 -
314 2613 397 2676 θεως)
424 2626 482 2663 esse
509 2617 588 2679 putat
605 2611 676 2663 Rose
695 2611 711 2662 I
730 2611 747 2662 l.
770 2628 796 2679 p.
813 2616 874 2676 490,
899 2612 945 2678 qui
968 2613 1124 2682 sapphirum
1147 2631 1165 2668 a
1187 2622 1276 2670 nostro

153 2712 214 2749 cum
237 2698 355 2750 armenIo
373 2696 452 2763 (alies
470 2697 622 2761 ermuthen)
639 2697 778 2750 contusum
796 2713 855 2752 ease
873 2699 930 2752 sine
948 2714 1030 2752 eausa
1047 2697 1174 2752 affirmat.
1210 2700 1276 2754 Mihi

152 2798 206 2835 non
224 2798 259 2835 ex
276 2784 457 2837 ormiscum
476 2784 523 2837 sed
541 2800 575 2837 ex
593 2785 744 2838 orinicua
762 2786 948 2840 eDiascorIde
960 2792 1097 2840 servatum
1109 2785 1276 2854 proficiscen·

151 2867 214 2920 dum
232 2882 290 2919 esse
308 2869 381 2920 otiu
399 2869 576 2920 ormiscum
595 2869 637 2920 rel
656 2870 807 2923 orinicus
824 2871 982 2925 vocabulum
1005 2870 1141 2938 quoddam
1159 2873 1201 2926 ab
1219 2875 1278 2939 ὄρει

150 2951 281 3018 incipiens
304 2949 486 3017 quaerendum
511 2951 624 3005 ridetur.
660 2953 802 3007 Caeterum
824 2955 872 3008 cfr.
892 2955 1013 3009 viucent.
1032 2956 1134 3010 Bellov.
1153 2958 1170 3010 1.
1182 2958 1201 3011 1.
1218 2974 1274 3026 cap.

149 3036 250 3089 XCIV:
275 3034 477 3102 »Dyascoridea
498 3035 628 3101 Sapbirus
652 3036 721 3103 lapis
743 3044 784 3091 est
803 3040 849 3106 qui
867 3045 895 3092 et
913 3040 1029 3093 orinicus
1047 3039 1146 3095 dicitur
1164 3057 1275 3112 corpora

151 3119 265 3189 praebet
287 3121 394 3186 integra
417 3119 532 3186 bonique
556 3121 660 3174 coloris.
696 3122 840 3178 Torsiones
862 3126 964 3177 ventris
987 3141 1049 3178 cum
1072 3127 1144 3181 lacte
1167 3134 1275 3197 potatur

150 3212 235 3258 curat.
253 3211 281 3257 et
299 3205 388 3258 omnia
406 3204 498 3257 ulcera
516 3221 575 3259 oum
588 3207 658 3260 lacte
675 3216 776 3261 sanato
788 3212 854 3262 -δ
874 3211 1031 3263 inivoittum
1049 3230 1076 3277 ος
1093 3243 1129 3254 -
1149 3212 1274 3267 ’71010ῐί1

149 3305 209 3357 ego
228 3306 298 3343 cum
316 3289 435 3352 Dieuc,
447 3290 543 3344 caloris
555 3294 680 3356 cp;-8
694 3294 788 3348 interis
800 3315 826 3356 c;
837 3326 871 3334 —
884 3296 913 3347 8.
926 3297 946 3348 9
960 3299 1201 3362 ammovete;-9
1216 3312 1274 3351 eum

148 3389 204 3427 om.
221 3394 249 3441 p.
262 3405 296 3414 -
308 3375 336 3425 11
348 3374 491 3441 epIpboras
504 3391 578 3442 ego,
596 3378 722 3444 epyforas
734 3379 794 3443 (sIc)
812 3398 834 3446 e,
852 3380 988 3448 ἐπιφοράς
1001 3398 1037 3446 ρ;
1059 3412 1085 3420 -
1105 3383 1133 3433 11
1150 3382 1273 3450 quisunt

149 3475 176 3523 03
192 3489 227 3497 —
243 3460 271 3509 11
288 3459 315 3509 in
328 3457 475 3512 visceribus
493 3475 570 3526 ego,
588 3461 616 3512 in
628 3462 731 3515 viscera
742 3483 787 3531 cp,
799 3465 871 3531 quod
883 3465 1038 3519 dubitanter
1048 3466 1170 3520 defendit
1180 3466 1273 3534 Βίης,

148 3542 219 3595 intra
236 3543 340 3596 viscera
357 3544 466 3597 tacite
485 3545 574 3598 Rose
592 3545 608 3598 l.
622 3546 638 3598 I.
657 3563 682 3614 p.
696 3551 756 3616 487,
775 3549 820 3602 ubi
838 3551 910 3604 hunc
926 3551 1002 3604 Aetii
1019 3551 1117 3619 locum,
1135 3568 1171 3606 ex
1186 3552 1274 3606 Dami-

148 3644 247 3695 gerone
266 3644 365 3696 graeco
384 3636 415 3681 ut
432 3636 513 3698 putat
530 3637 665 3698 sumptum
687 3633 781 3687 laudat
797 3637 870 3701 (Aet.
888 3637 915 3687 11
933 3640 994 3702 38);
1022 3634 1105 3697 didos
1122 3639 1275 3705 σάπφειρος

147 3714 219 3775 μετὰ
237 3714 374 3781 γάλακτος
392 3716 486 3774 ποθεὶς
504 3716 576 3776 λεῖος
593 3718 665 3770 ἰᾶται
678 3719 727 3777 τὰς
743 3719 820 3778 ἐντὸς
838 3721 966 3779 ἑλιώσεις
977 3721 1077 3789 πάσας,
1094 3722 1140 3773 καὶ
1159 3723 1275 3790 ἱδρῶτας

148 3799 238 3850 παύει.
257 3799 306 3856 τὰς
323 3799 373 3860 μὲν
395 3799 443 3851 οὖν
463 3801 541 3859 ἐκτὸς
557 3802 684 3861 ἑλιώσεις
702 3804 774 3855 ἰᾶται
791 3805 861 3866 μετὰ
878 3806 1013 3872 γάλακτος
1030 3807 1210 3878 ἐπιχρωῦείς,
1227 3805 1274 3863 τὰς

151 3882 180 3931 δὲ
197 3883 226 3931 ἐν
245 3888 282 3952 τῇ
299 3885 411 3954 γλώσσῃ
432 3888 560 3946 διακοπὰς
572 3889 645 3946 λεῖος
658 3887 744 3957 ξηρὸς
756 3889 968 3951 ἐπιπαττὸμενος
985 3891 1067 3942 ἰᾶται.
1084 3891 1203 3944 καθόλου
1219 3889 1272 3959 γὰρ

149 3964 387 4039 ξηραντικωτάτης
412 3972 554 4034 δυνάμεώς
576 3975 644 4026 ἐστι.
665 4003 699 4011 -
723 3975 759 4024 12
776 3974 907 4027 tortiones
930 3991 957 4039 c;
981 3980 1092 4040 potatus
1120 3991 1181 4043 ego
1205 3990 1272 4028 cum

147 4052 266 4120 Dicae,
284 4055 388 4123 positus
405 4076 459 4123 cp,
477 4063 558 4125 potua
575 4059 684 4111 tacite
702 4058 790 4111 Rose
808 4058 827 4110 l.
845 4058 862 4110 l.
880 4089 913 4097 —
