2866 4620
618 343 832 405 ..41-

164 531 253 581 actum
273 525 428 595 mactericus
446 528 568 594 πειρῷτο
584 524 673 593 κάμοι,
693 529 749 578 tum
768 523 902 594 λξερείνοι
919 528 947 578 et
965 523 1122 592 διδάσιηται
1137 522 1288 592 promiscue

164 610 220 664 sine
238 610 294 664 ullo
319 609 472 664 discrimine
490 608 597 664 dixisse.
615 639 648 650 -
671 610 706 662 18
725 609 877 673 ἐπελθέμεν
896 608 972 663 codd.
990 613 1019 661 et
1036 607 1096 662 edd.
1113 614 1177 662 ante
1196 607 1288 662 Herm.

164 707 206 750 vv.
220 696 318 750 rt-ul
337 708 354 747 e.
371 694 474 748 Tuetzu
490 693 609 748 ciuntur
625 694 693 750 Obil.
704 694 757 747 ΧΠ
775 697 924 750 eet-ele:
943 691 1008 762 περὶ
1024 695 1072 746 τοῦ
1090 693 1120 746 ὃν
1133 690 1241 763 ζΕρμῆς
1259 694 1288 744 ίν

164 777 343 847 πολυηράτοις
368 776 482 848 ἄντροις
506 778 653 832 accedero:

317 861 363 916 Ἐν
391 863 502 923 deducio
519 863 679 929 διδάγμασιν
699 861 785 924 οὕτως
799 862 914 932 Ὀρφεύς
931 881 982 916 που
1000 863 1083 931 λέγει,

312 945 419 1012 ‘rpem
439 948 544 1015 σοφίαν,
561 949 656 1016 λόγους
673 966 706 1001 τε
723 949 767 1000 καλ
784 949 817 1000 τὸ
835 949 980 1018 προσέχειν
998 947 1123 1023 βίβλοις·

311 1031 355 1086 Ὃν
377 1036 408 1087 δέ
426 1052 472 1086 κεν
491 1033 647 1103 ἀνθρώπων
666 1073 752 1088 .....
770 1032 854 1092 ὀϊζύν.

317 1116 369 1180 Τὰς
385 1119 501 1186 βίβλους
518 1116 618 1189 ἄντρον
635 1117 684 1172 τοῦ
696 1115 803 1187 Ἕρμοῦ
822 1116 1016 1181 κατονομάζιον
1034 1115 1113 1172 οὕτω.

160 1205 213 1262 Ubi
237 1205 386 1270 ἐσελοέμεν
410 1221 460 1273 pro
483 1204 576 1256 λπολιλ.
595 1204 648 1272 legi
671 1205 726 1258 iam
750 1220 767 1257 a
787 1203 880 1271 Steph.
898 1201 1112 1256 animadversum
1135 1209 1189 1265 est;
1215 1203 1289 1271 quod

160 1291 251 1345 Herm.
269 1289 376 1344 demum
394 1289 504 1357 recepit.
516 1320 550 1328 —
562 1287 675 1356 ἕρμειαν
688 1289 719 1343 Β.
731 1288 845 1356 ἑρμαίαν
858 1286 916 1343 Pal.
928 1287 962 1339 V.
974 1315 1003 1325 -
1018 1288 1061 1339 20
1080 1287 1194 1349 νομίζων
1212 1287 1245 1342 Β.
1256 1319 1288 1330 -

161 1376 202 1429 22
225 1375 272 1430 cfr.
291 1375 334 1429 Jo.
354 1374 483 1427 Tnetnam
500 1373 528 1426 in
545 1373 654 1427 scholiis
672 1372 707 1427 ad
725 1372 890 1440 Allegoriam
908 1369 1008 1438 Iliadis,
1027 1387 1054 1439 p.
1073 1373 1124 1426 007
1142 1370 1183 1424 ed.
1205 1371 1287 1426 Matr.

160 1466 196 1529 (p.
214 1463 266 1516 379
291 1460 331 1514 ed.
351 1459 480 1524 Cramer.)
501 1457 546 1519 (ad
564 1458 595 1510 ll.
615 1457 628 1510 I
649 1474 673 1510 v.
692 1461 737 1523 65)
760 1457 993 1526 ἀποτροπιασμοῑς
1017 1454 1062 1507 καί
1084 1456 1203 1516 ἐπωδαῒς
1225 1455 1288 1527 ἡδύ·

160 1562 242 1597 ναντο
259 1546 286 1597 oi
301 1544 384 1612 μα’γοι
402 1542 446 1595 καί
463 1543 570 1607 λοιμικὰ
586 1542 632 1595 καλ
648 1541 733 1612 ἔτερα
749 1542 931 1611 μετατρέπειν
952 1542 1102 1612 νοσήματα,
1121 1541 1158 1601 uc
1173 1541 1288 1612 Ὀρφεὺς

157 1631 274 1698 γράφων
287 1627 487 1698 παραδεικνύει.
496 1658 530 1667 -
543 1628 644 1679 οὐδέιον
659 1631 756 1687 νούσος
768 1628 799 1680 Β.
811 1625 894 1686 ἅκικις
906 1627 996 1681 BMV
1008 1633 1037 1681 et
1050 1626 1110 1681 edd.
1120 1632 1184 1680 unte
1193 1626 1286 1682 Herm.

159 1712 249 1773 ἄκικυς
265 1713 322 1767 rell.
342 1713 418 1767 codd.
438 1718 467 1767 et
484 1712 575 1767 Herm.
593 1712 685 1782 ἀπίιης
702 1713 761 1780 (sic)
781 1714 847 1767 coni.
861 1713 954 1767 Perdr.
974 1743 1004 1752 -
1024 1714 1066 1766 23
1085 1713 1153 1766 πόθ’
1172 1712 1203 1765 Β.
1223 1712 1287 1766 ὑπο-

159 1799 261 1868 τρέσας
277 1799 315 1852 Μ.
334 1827 368 1839 -ν
387 1799 429 1850 24
447 1798 602 1864 προλειπὼν
621 1798 735 1867 ἑρίγηθε
754 1799 846 1868 ἀνίκην
865 1798 896 1851 Β.
923 1828 957 1839 -
986 1800 1027 1850 26
1047 1799 1081 1850 od
1099 1800 1130 1851 δι’
1148 1798 1177 1851 οἳ
1194 1799 1285 1852 Herm.

159 1898 257 1937 errore.
280 1913 309 1923 -
329 1883 371 1935 28
390 1879 516 1952 ἄντικρυς
533 1881 610 1936 codd.
629 1887 657 1935 et
675 1881 734 1935 cdd.
753 1887 816 1935 ante
828 1882 919 1936 Herm.
933 1913 962 1923 -
985 1879 1122 1947 »Κομίσας
1139 1883 1286 1937 nonhabet

157 1982 247 2021 casum
266 1968 313 2035 rei,
332 1983 412 2035 quam
431 1966 536 2020 adferet
554 1965 732 2020 adversarius.
768 1963 885 2026 Κονίοας
908 1967 1050 2035 legendum
1068 1972 1134 2034 puto
1156 1982 1189 2022 eo
1207 1967 1285 2023 intel-

157 2053 237 2121 lectu,
257 2069 309 2121 quo
328 2052 408 2108 modo
427 2069 451 2106 v.
470 2056 504 2107 28
522 2053 710 2121 ιονισσαμένῳ
727 2052 843 2120 positum
862 2057 929 2106 est-c.
950 2051 1046 2105 Gesn.
1063 2051 1110 2105 sed
1128 2059 1201 2106 recte
1218 2052 1286 2105 vidit

156 2138 261 2206 Tyrwh.
277 2139 382 2208 χάλκεα
399 2143 463 2206 γυῖα
482 2139 525 2190 νιαλ
543 2134 699 2206 ἄγναμπτον
718 2137 819 2196 σθένος
837 2151 895 2190 esse
913 2135 988 2189 illum
1009 2151 1101 2191 casum
1118 2137 1167 2205 rei,
1186 2153 1203 2192 u
1220 2138 1284 2192 Ges·

156 2239 221 2277 nero
239 2230 295 2277 tam
313 2239 394 2292 aegre
413 2223 602 2277 desideratum.
621 2222 752 2292 ἐριδαίνει
770 2222 953 2290 suprascripto
973 2240 998 2274 οι
1009 2223 1042 2276 V.
1062 2253 1094 2262 -
1113 2223 1154 2276 29
1170 2223 1214 2274 sal
1229 2224 1283 2293 μήν

157 2308 297 2377 legendum
315 2309 421 2377 putavit
434 2308 538 2376 Stepb.;
557 2307 635 2374 male,
653 2306 741 2361 iudice
753 2307 857 2375 Tyrwh.
879 2307 922 2357 ναλ
939 2307 992 2376 μὴν
1011 2307 1056 2359 καί
1072 2308 1106 2362 ab
1125 2308 1208 2376 epicis
1220 2325 1284 2377 poe·

156 2393 191 2446 tis
208 2408 272 2448 sanc
289 2394 367 2448 valde
385 2394 540 2461 frequenter
558 2399 717 2460 usurpatum
736 2407 794 2445 esse
811 2390 908 2445 docent
922 2392 1047 2460 exemplu
1065 2408 1081 2445 a
1099 2393 1211 2449 Lehrsio
1230 2393 1283 2449 col-

156 2478 225 2532 lecta
242 2479 270 2532 in
282 2479 390 2546 Qusest.
403 2477 473 2545 Epp.
486 2493 512 2544 p.
524 2480 582 2531 822.
595 2480 653 2531 823.
672 2477 788 2546 dipsas
802 2482 865 2528 ante
877 2490 947 2529 corr.
959 2476 989 2530 P.
1008 2477 1173 2546 ορεσνιώοισι
1190 2479 1283 2533 notavi

156 2578 190 2616 ex
207 2563 272 2617 PV.
298 2593 329 2602 -
354 2563 396 2613 30
414 2562 504 2614 λαοῖσι
522 2561 551 2614 P.
584 2591 612 2599 —
644 2562 678 2612 31
704 2559 866 2625 βασιλέεσσι
885 2560 962 2613 codd.
981 2565 1010 2614 et
1027 2561 1088 2616 edd.
1107 2568 1169 2615 ante
1188 2562 1281 2630 Stepb.

155 2648 377 2714 διοτρεεφὲεσσιν
396 2646 418 2698 Β
437 2651 499 2698 ante
517 2659 585 2699 corr.
605 2675 634 2683 -
660 2646 701 2696 32
720 2645 828 2696 τίθεται
846 2651 909 2698 ante
927 2645 1038 2697 τίεσθαι
1056 2654 1117 2699 eret
1134 2647 1162 2699 in
1179 2647 1201 2700 P
1219 2654 1282 2702 aute

156 2745 224 2784 cerr.
241 2760 275 2770 -
294 2731 337 2781 84
355 2730 510 2800 παλάμῃσιν
529 2729 612 2783 tacite
630 2729 721 2783 Herm.
740 2729 882 2800 παλάμῃσι
900 2729 976 2783 codd.
996 2729 1154 2795 (παλάμοισι
1167 2732 1236 2800 Pal.)
1255 2739 1282 2787 et

155 2815 212 2869 rell.
231 2815 290 2869 edd.
315 2846 350 2857 -
380 2817 421 2868 86
436 2815 571 2887 χρύσειον
596 2817 641 2868 ἐπὶ
661 2816 737 2886 λέχος
759 2817 818 2868 αλέν
839 2816 917 2870 codd.
936 2821 963 2871 et
981 2816 1042 2871 edd
1062 2824 1125 2871 unte
1143 2817 1235 2872 Herm.
1254 2826 1281 2873 et

154 2901 264 2955 Dinner.
289 2901 381 2969 Epitb.
404 2918 431 2969 p.
448 2905 507 2955 413.
525 2905 585 2956 453.
603 2902 683 2971 λέχος
705 2901 762 2954 aies
786 2901 830 2953 ἐπὶ
850 2901 983 2971 χρύσειον
1005 2902 1113 2970 scripsit
1136 2902 1281 2959 Hermus

153 2987 242 3042 brevis
258 2987 358 3042 vocalis
375 2993 437 3041 ante
457 2987 604 3055 simplicem
622 3002 765 3041 consonam
784 2985 958 3054 producatur.
988 2986 1115 3041 Probevit
1132 2987 1281 3043 Hermanni

153 3073 283 3128 rationem
302 3073 375 3127 Wiel
391 3089 419 3141 p.
439 3077 456 3127 8
481 3089 579 3142 »quum
598 3073 625 3125 in
642 3079 700 3127 toto
718 3073 835 3126 carmine
854 3076 1003 3140 quatuor
1020 3077 1152 3126 tantum
1169 3073 1221 3128 loci
1239 3090 1280 3129 re·

153 3158 305 3224 pociantur,
329 3158 375 3211 ubi
393 3165 476 3226 poete
493 3173 553 3212 eam
574 3157 711 3212 admisisse
729 3155 816 3210 videri
833 3157 932 3225 possit:
958 3159 1012 3212 ν.7
1031 3157 1219 3225 ἀγαλλόμενος
1236 3160 1279 3213 ἐπλ

155 3243 242 3311 δώρῳ.
261 3259 286 3295 v.
306 3248 336 3297 ll
357 3242 457 3295 ταναὸν
477 3243 547 3312 ὑπὲρ
565 3243 673 3311 αἰθέρα.
691 3257 715 3294 v.
734 3246 768 3296 35
787 3243 830 3294 erl
848 3243 934 3312 λέχος.
952 3258 977 3295 v.
997 3245 1048 3296 618
1069 3244 1085 3312 ἢ
1103 3261 1147 3306 μιν
1167 3245 1279 3314 ἐπιπάσ·

153 3343 225 3392 σειν;
252 3342 321 3394 quae
345 3327 434 3380 omnia
457 3327 490 3380 ab
515 3327 669 3381 Hermanno
694 3327 790 3380 leniter
816 3334 939 3381 correcta
962 3335 1049 3381 sunt«.
1087 3328 1170 3397 Fugit
1193 3329 1279 3384 virum

154 3410 336 3464 doctissimum
354 3427 378 3464 v.
396 3413 447 3466 707
471 3410 581 3479 vulgata
605 3410 684 3464 lectio
705 3410 867 3481 χηραμόθεν
886 3412 1036 3480 ὁρόωνται,
1059 3412 1093 3465 ab
1111 3412 1202 3467 Herm.
1221 3429 1279 3469 cor·

152 3500 227 3549 rectu
251 3500 279 3548 et
302 3512 327 3550 v.
351 3499 400 3549 184
425 3488 604 3562 παλαιγενέὲξ
623 3495 698 3564 ἱερὸν
723 3498 786 3563 πῦρ,
810 3512 834 3550 v.
853 3500 904 3550 600
927 3496 1009 3556 εὐλάς
1030 3485 1063 3550 r}
1077 3497 1185 3560 κάμπας
1202 3517 1233 3551 τε
1251 3505 1279 3553 et

151 3595 176 3631 v.
194 3583 228 3633 22
245 3578 285 3630 ἐνλ
301 3580 456 3648 μεγάροισι.
491 3580 599 3634 Reduxi
617 3581 698 3648 igitur
717 3581 853 3650 vulgatam
870 3581 1021 3636 lectionem.
1044 3612 1074 3622 -
1100 3584 1142 3635 30
1161 3579 1276 3654 ἄληκτον

152 3662 208 3716 Pal.
221 3694 253 3704 -
265 3663 334 3728 μάλ’
351 3666 480 3737 λφιεμένη
493 3666 537 3719 vel
555 3666 729 3736 ἐπιμαιομένη
747 3682 797 3734 pro
816 3667 951 3736 ἐπιϊεμένη
969 3668 1036 3721 coni.
1049 3667 1121 3721 Wiel
1133 3684 1159 3735 p.
1173 3671 1198 3731 9,
1216 3684 1278 3722 nem

154 3745 256 3800 »forma
275 3748 410 3820 tneiepe‘sp
429 3767 539 3818 prorsus
558 3751 700 3819 singularis
718 3751 804 3804 estin
823 3754 900 3820 epico
916 3751 1033 3806 carmine
1053 3757 1081 3806 et
1092 3751 1138 3805 vix
1150 3753 1277 3810 credibile

151 3837 258 3898 postam
284 3835 438 3904 ceteroquin
463 3837 528 3891 satis
552 3838 702 3905 elegantem
726 3837 754 3890 in
776 3837 828 3891 hoc
847 3837 978 3893 vocabulo
1002 3838 1067 3892 satis
1084 3838 1183 3892 usitato
1202 3837 1277 3906 quid·

152 3930 232 3983 quam
251 3931 371 3972 novasse.
406 3920 502 3990 Neque
521 3923 675 3977 defenditur
691 3923 797 3990 ingrata
814 3923 901 3977 forma
918 3923 1062 3978 Homerico
1080 3924 1126 3979 illo
1144 3923 1276 3995 ἐπιίστιορ

150 4004 198 4053 sut
215 3999 347 4056 similibus
358 4004 517 4077 quibusdem
535 4016 562 4061 et
573 4008 639 4076 ipsis
650 4007 855 4076 singularibus«.
875 4038 906 4048 -
925 4008 967 4061 29
985 4008 1088 4080 βησετ’
1106 4008 1142 4075 Β;
1161 4009 1205 4061 ἐπλ
1223 4011 1277 4062 πόα

150 4087 294 4157 τροφερὴν
307 4087 386 4154 drop.
399 4091 420 4142 B
432 4090 488 4144 Pel.
507 4091 551 4144 ίπλ
568 4110 621 4145 ποα
633 4092 776 4162 τραφερὴν
795 4093 835 4147 ἀνι.
850 4094 884 4160 V,
902 4093 946 4145 ἐπλ
964 4109 1019 4146 ποα
1031 4093 1118 4163 φορὴν
1138 4112 1180 4163 τρ.
1190 4094 1231 4146 ιλιι.
1244 4094 1275 4157 Ρ,
