2866 4620
526 311 759 373 -141-

164 491 286 570 Αίθος
307 491 660 581 ἐλαφοκερατίτης.
684 494 866 580 ὠνόμασται
887 494 923 557 ἀὲ
946 498 994 559 καὶ
1023 494 1116 571 οὗτος
1144 497 1205 559 ἀπὸ

79 608 135 693 της
156 601 247 677 θέας.
270 601 393 689 ἐλάφου
415 601 479 690 γὰρ
502 596 583 669 ἔοικε
605 606 711 689 κέρατι
726 608 775 669 καλ
794 605 849 668 οῦκ
864 604 901 668 ἀν
918 604 1054 681 εὐκόλως
1075 629 1119 682 τις
1141 606 1206 669 δια-

78 714 165 801 γνυίη
188 715 273 799 όριῦν
297 713 432 801 πότερον
454 715 473 802 ἢ
497 715 593 802 κε’ρας
616 715 700 781 ἐστὶν
723 716 742 805 i)
765 716 852 792 λίθος
867 717 927 800 πρὸ
944 719 996 779 τοῦ
1014 718 1061 779 καὶ
1077 719 1114 803 τῇ
1124 700 1206 805 χειρί

79 818 233 913 κρατῆσαι
255 828 364 890 τοῦτον
387 827 436 889 καί
457 825 494 890 ἐκ
515 832 570 913 τῆς
585 826 761 902 ἀντιτυπίας
776 850 809 890 τε
832 828 880 889 καί
902 825 1114 912 σκληρότητος
1130 823 1208 890 κατὰ

43 932 232 1023 ῠάλήθειαν
255 932 428 1016 ἐπιγνῶναι.
453 935 639 1023 θαυμαστὴν
662 936 697 999 ἀὲ
721 937 832 1001 τούτου
855 938 933 1020 φασὶ
956 939 1009 1023 την
1031 935 1205 1023 ἐνέργειαν.

80 1045 109 1110 ιλ
129 1043 193 1129 γάρ
216 1065 259 1118 τις
280 1040 385 1117 αὐτόν,
409 1045 496 1130 φασί,
518 1047 710 1130 κατατρίψας
734 1049 782 1109 καί
802 1046 898 1130 μίξας
920 1044 1017 1131 ἐλαίῳ
1041 1045 1208 1132 φαλάκρας

79 1154 256 1245 ἐπιχρίσειε,
281 1156 506 1245 συνεχέστερον
530 1156 809 1242 ἀναβλαστησουσι
830 1156 934 1243 τρίχες
952 1154 1027 1235 νέαι,
1051 1160 1099 1220 καὶ
1114 1159 1207 1243 κομη-

79 1288 137 1355 της
156 1267 174 1328 ό
196 1264 367 1352 ἄνθρωπος
389 1265 451 1331 ἀπὸ
467 1267 630 1352 φαλακροῦ
647 1269 821 1354 γενήσεται.
846 1265 917 1329 ἀλλ’
939 1267 985 1329 ότι
1000 1268 1048 1329 καί
1064 1270 1126 1340 τοῖς
1142 1290 1207 1330 νεο-

81 1376 212 1462 νύμφυις
233 1374 339 1461 ἔρωτα
363 1378 441 1463 πρὸς
462 1376 616 1464 ἀλλήλους
631 1376 757 1461 ἐμποιεῖ
776 1378 824 1440 καί
846 1378 1069 1464 ὁμοφροσύνην
1090 1378 1207 1463 φορού-
1310 1449 1313 1453 ,

30 1496 64 1549 10
77 1507 184 1571 μενος,
208 1487 257 1549 καί
279 1485 480 1568 διαφυλάττει
503 1483 575 1562 τούς
598 1486 719 1562 πόθους
741 1486 847 1562 αὐτοῖς
866 1484 961 1574 μέχρι
982 1490 1099 1572 γήρως.

167 1594 287 1671 ιίίθος
309 1598 326 1657 ό
342 1595 531 1680 καλούμενος
553 1596 808 1680 ζαμίλαμπις·
824 1598 909 1672 ὅστις
924 1595 1037 1682 φύεται
1050 1598 1108 1682 μὲν
1124 1594 1211 1685 παρὰ

81 1705 141 1781 τάς
162 1698 262 1794 όχθας
284 1709 337 1769 τοῦ
361 1709 500 1789 ποταμοῦ
525 1705 705 1791 Εὐφράτου,
728 1707 813 1769 ὥστε
841 1709 890 1769 καί
917 1707 975 1770 ὑπὸ
1006 1711 1066 1770 τῶν
1086 1708 1208 1793 ῥευμά-

80 1838 145 1881 των
166 1816 262 1881 αότοῦ
284 1812 497 1901 γυμνούμενος
526 1819 730 1902 φανεροῦται.
761 1817 1049 1902 περιόεσμούμενος
1078 1819 1114 1882 de
1143 1823 1208 1892 ταῖς

80 1924 234 2013 ἀμπέλοις
256 1926 514 2013 πολυσταφύλους
536 1923 637 2001 αῦτάς
660 1928 708 1989 καί
730 1926 890 2012 εὐφόρους
912 1927 1153 2012 παρασκευάζει.

32 2048 64 2101 16
168 2035 285 2113 Λίθσς
311 2037 463 2117 ἴασπις,
494 2037 511 2098 ό
541 2037 590 2099 καί
617 2040 693 2100 πᾶσι
719 2036 889 2124 πρόδηλος.
911 2039 1068 2125 χρήσιμος
1095 2035 1131 2103 δὲ
1160 2040 1209 2102 καλ

81 2144 184 2226 νότος,
206 2148 252 2224 ὥς
273 2170 360 2233 φασι,
385 2150 451 2223 ταῖς
473 2145 629 2232 ἀρούραις
651 2143 731 2232 πρὸς
753 2143 918 2233 εύφυρίαν.
941 2145 1021 2212 ἀλλά
1044 2151 1091 2213 καὶ
1107 2148 1208 2229 ύετόν,

81 2258 128 2335 όις
148 2253 291 2340 λέγουσιν
303 2252 462 2345 Ἕλληνες,
492 2255 533 2329 ἐξ
561 2254 739 2343 ἀνομβρίας
767 2256 911 2340 κατάγειν
940 2257 991 2323 ἐπὶ
1022 2256 1080 2336 τὰς
1107 2257 1209 2336 αύτάς

83 2366 213 2435 δύναται
234 2369 283 2431 καὶ
304 2365 493 2452 ἀποτρέπειν
515 2365 692 2455 ἐπιληψίας,
716 2367 824 2444 καθὼς
847 2370 896 2432 καὶ
917 2371 946 2432 σί
973 2370 1070 2434 λοιποί
1089 2393 1210 2456 μαρτυ-

80 2482 184 2564 ρσῦσι.

49 2598 85 2651 w
170 2588 286 2665 Δίθυς
307 2587 447 2675 λύχνις,
471 2589 489 2650 ό
512 2590 560 2651 καὶ
578 2588 716 2676 λυχνίτης
738 2585 917 2673 λεγόμενος.
943 2593 1051 2652 τοῦτον
1069 2588 1105 2651 ἀὲ
1120 2588 1210 2651 πολυ-

83 2698 306 2786 ω’φελέσιατον
336 2696 415 2761 εἶναι
443 2696 583 2781 λέγουσι·
618 2700 667 2760 καὶ
696 2694 759 2782 γὰρ
790 2697 967 2763 ἀποκωλύει
989 2696 1133 2785 χαλάζας
1162 2700 1211 2761 καὶ

83 2868 174 2920 pam
192 2850 222 2902 ἀί
240 2850 279 2910 είς
296 2850 343 2902 τόν
362 2848 436 2901 λίθον
456 2850 543 2918 ἑρμὴν
568 2850 670 2901 τέλειον
692 2854 730 2904 τῶ
750 2849 881 2913 εὐωνύμω
894 2849 969 2921 χειρί
991 2849 1139 2915 βαλάντιον
1165 2851 1211 2917 φέ-

84 2953 174 3007 ροντα
195 2942 229 3007 τῆ
253 2936 283 2988 ἀλ
301 2934 378 2994 δεξιᾶ
393 2934 511 3001 βιβλίον,
535 2937 603 3003 πρὸς
620 2937 650 2987 δὲ
670 2938 727 2995 τοῖς
743 2936 806 2987 ποσί
826 2935 1020 3003 κυνοκέφαλσν,
1044 2934 1094 2994 τὰς
1108 2937 1210 3005 χεῖρας

84 3022 240 3077 ἐκτείνοντα
258 3020 354 3091 ὥσπερ
368 3020 521 3090 εὐχόμενον.
533 3052 567 3060 -
579 3021 721 3074 Caeterum
734 3020 814 3080 οὗτος
831 3026 859 3074 et
877 3021 1128 3090 περιδεσγισόμενος
1146 3019 1209 3073 scri·

84 3107 128 3177 pei
144 3124 194 3177 pro
211 3122 252 3175 ee,
270 3105 377 3175 quodB
393 3108 484 3174 habet,
502 3110 601 3158 τοῦτον
620 3113 648 3160 et
664 3106 929 3174 περιδεσμούμενον;
947 3113 975 3160 et
993 3109 1010 3175 ἢ
1029 3107 1080 3157 τοῦ
1092 3103 1212 3173 ἀρότρου

84 3198 148 3262 poet
165 3193 290 3261 σπσρέως
309 3192 404 3247 delevi.

168 3276 245 3329 lml
261 3293 312 3333 om.
330 3278 361 3331 B.
389 3306 420 3317 -
459 3276 566 3346 θφησί
580 3274 613 3342 V,
632 3275 693 3330 fort.
712 3283 794 3330 recte.
813 3307 842 3316 -
861 3278 946 3343 μίψας
962 3278 997 3342 Β;
1023 3277 1165 3346 φαλακρός
1182 3278 1212 3330 Β.

85 3390 120 3405 -
140 3361 159 3415 7
181 3362 411 3432 ἀναβλαστησωσι
430 3360 466 3427 Β;
486 3360 538 3412 νΐσι
555 3360 587 3414 V.
607 3389 639 3400 —
665 3361 692 3413 7.
707 3362 728 3412 8
746 3361 853 3432 κομίτης
872 3368 900 3415 et
917 3362 1071 3431 φανήσεται
1089 3363 1118 3416 B.
1138 3392 1171 3402 —
1192 3363 1212 3415 9

84 3448 277 3518 ὁμοφροσύνης
293 3447 325 3501 V.
349 3478 384 3489 -
405 3448 441 3498 10
459 3446 507 3498 τόν
532 3446 619 3498 πόθον
638 3446 674 3507 Βς
701 3447 803 3515 γήρους
821 3446 852 3500 V.
879 3479 913 3486 —
939 3447 1039 3499 11-14
1057 3462 1108 3501 om.
1127 3446 1159 3500 B.
1178 3477 1208 3485 -

85 3535 113 3587 11
131 3532 263 3604 ζαμπὸτης
279 3534 317 3601 V,
342 3531 414 3600 quod
436 3530 554 3598 correxi,
578 3545 638 3583 cum
661 3532 823 3598 epitomator
844 3531 1011 3585 Lithicorum
1037 3531 1128 3586 codiee
1149 3545 1213 3585 usus

85 3619 121 3675 eit
141 3619 318 3675 Ambmeieno
342 3617 429 3672 codici
452 3615 586 3669 simillimo
612 3622 640 3668 et
660 3615 706 3669 hic
727 3615 834 3683 quidem
860 3631 951 3670 veram
973 3616 1116 3670 lectionem
1141 3616 1213 3678 ζαμῐ·

84 3702 183 3767 λαμπιν
205 3702 339 3757 exhibeat
363 3731 397 3741 -
420 3700 454 3752 16
473 3697 587 3765 Iaspidis
605 3704 633 3751 et
650 3698 799 3768 Lychnitee
819 3700 1026 3769 descriptionem
1045 3702 1112 3754 exB
1130 3699 1214 3754 edidit

89 3788 195 3859 Tyrwh.
212 3819 246 3830 -
264 3788 362 3859 ἧασπις
376 3788 407 3840 V.
418 3815 452 3825 -
469 3785 505 3837 18
517 3783 629 3836 δύναται
644 3800 696 3839 em.
708 3785 746 3851 B;
764 3785 807 3838 καί
827 3785 968 3856 ἐπιληψίας
980 3786 1099 3856 ἀφελεῖν
1112 3787 1148 3853 B;
1169 3802 1214 3836 κα-

84 3875 143 3935 θώς
159 3890 211 3930 om.
222 3874 262 3941 V;
281 3872 306 3924 oi
318 3871 414 3925 πολλοί
428 3870 459 3924 Β.
485 3869 562 3923 Haec
574 3868 595 3923 C
614 3867 647 3922 de
658 3869 774 3938 iaspide:
791 3869 865 3930 λίθος
883 3870 975 3931 ἴασπις
992 3872 1007 3923 ὁ
1025 3872 1069 3924 καί
1086 3874 1151 3925 πᾶσι
1169 3871 1214 3939 ἀῆ-

83 3962 144 4023 λσς·
173 3960 298 4020 ἐναντίας
317 3957 445 4021 δυνάμεις
463 3955 532 4028 ἔχειν
555 3954 629 4021 φασί.
652 3954 844 4023 παφλάζοντος
866 3960 915 4008 τσῦ
940 3956 1039 4018 θόατος
1064 3958 1094 4008 ἐν
1117 3957 1214 4026 λέβητι

86 4044 345 4118 ὑπσρριπτσύμενσν
368 4040 438 4095 αὐτὸ
456 4041 635 4112 όπυχλιαίνειν
660 4039 735 4093 αὐτό.
762 4042 918 4094 τυυναντίσν
937 4042 968 4094 δὲ
986 4045 1097 4114 ψυχροῦ
1115 4042 1213 4111 τυγχά-

86 4146 183 4193 νοντος
199 4132 351 4203 ταχύτερον
370 4131 471 4182 τοῦτον
489 4125 704 4195 παρασκευάζειν
722 4143 755 4177 τε
772 4125 816 4177 καί
837 4128 1051 4197 ἀναπαφλάζειν.
