2866 4620
624 272 855 336 -152-

185 456 333 539 ἐμβαλών
361 477 405 531 τις
432 457 524 520 αότόν
547 457 600 520 ἐπ’
629 458 730 539 ὀλίγον
761 457 832 548 εἶτα,
856 461 905 522 καί
938 460 1152 547 ἀνασχόμενος
1182 463 1314 549 εὑρήσει

171 570 283 637 πάντα
303 567 427 654 ῥᾳδίως
449 568 611 655 τηκόμενα.

267 678 379 752 Λίθος
399 680 416 740 ὀ
439 679 647 766 αίματίτης,
668 680 725 743 ἀπ’
742 681 837 766 αὐτῆς
855 687 908 767 τῆς
918 688 1030 769 χροιᾶς
1045 682 1147 760 οότως
1168 685 1314 768 ὠνομασ-

179 787 290 869 μένος·
314 789 495 874 αἱματώδης
517 791 579 873 γάρ
608 789 671 852 ἐστι
694 795 747 876 την
774 795 912 876 μορφήν.
939 794 1020 856 α’λλὰ
1050 797 1099 857 καί
1121 796 1239 878 τριβεὶς
1262 800 1313 860 καί

146 899 226 974 deig
248 897 336 980 ὕδωρ
359 898 528 985 ἐμβληθεὶς
550 900 727 984 αἱματῶδες
749 902 976 965 όλονκάκεῖνο·
999 903 1112 990 τίθησι.
1135 909 1243 968 τοῦτον
1266 908 1312 981 είς

181 1013 284 1072 πᾶσαν
307 1008 486 1094 ὀφθαλμίαν
508 1011 753 1095 ὠφελιμώτατον
769 1012 845 1076 εἶναι
868 1013 993 1095 λέγουσι
1015 1013 1211 1099 κερασθέντα
1228 1018 1311 1098 μετὰ

177 1119 300 1203 μέλιτος
327 1119 387 1183 εἴτε
415 1122 578 1201 γάλακτος·
610 1123 687 1184 άλλιλ
710 1124 817 1208 καλιῇ
833 1125 916 1211 χειρὶ
932 1124 1141 1208 κρατούμενον
1156 1125 1175 1213 η
1191 1128 1311 1210 φορού-

177 1253 274 1313 μενον
297 1230 345 1299 έπί
368 1234 431 1305 τοῖς
453 1230 486 1295 έν
515 1233 725 1319 δικαστηρίοις
747 1233 847 1314 άγώσι
871 1236 949 1317 πρὸς
973 1233 1053 1321 νίκην
1071 1235 1153 1319 μέγα
1170 1236 1311 1320 συμβάλ-

182 1340 293 1404 λεσθαι
315 1343 365 1404 καί
384 1343 464 1425 μετὰ
488 1341 602 1416 ὕδατος
630 1344 790 1427 πινόμενον
821 1345 898 1407 κατὰ
929 1349 990 1406 τών
1023 1345 1156 1427 ἰοβόλων
1185 1351 1310 1409 πάντων

133 1457 165 1507 10
183 1451 417 1535 ἀντιφάρμακον
441 1453 685 1534 προφυλακτικδν
713 1452 853 1534 γίνεσθαι
885 1456 933 1517 καί
961 1453 1037 1540 ηδδν
1068 1457 1115 1517 καὶ
1140 1455 1310 1542 χαρίεντα·

182 1562 231 1624 καί
255 1565 327 1622 πᾶσι
350 1560 437 1644 φίλον
461 1563 512 1622 τόν
536 1567 697 1644 φοροῦντα
721 1567 828 1626 τοῦτον
852 1562 1053 1643 ἐργάζεσθαι.
1146 1623 1149 1628 Δ

267 1670 379 1744 Λίθυς
391 1673 408 1732 ό
419 1672 624 1756 λιπαραίος,
641 1673 742 1735 ὅντινα
755 1675 805 1736 καὶ
817 1674 957 1754 λέγουσιν
969 1673 1001 1735 έν
1013 1672 1158 1760 Ἀσσυρίᾳ
1168 1673 1311 1756 γίνεσθαι

183 1781 323 1846 κάκεῖθέν
353 1806 427 1845 ποτε
458 1784 544 1865 παρά
568 1782 725 1866 Μέμνονος
755 1785 799 1855 εἷς
833 1784 941 1867 Τροίαν
969 1783 1155 1871 κομισθῆναι
1184 1786 1233 1847 καί
1264 1788 1312 1870 τῷ

182 1893 316 1978 Πριάμῳ
346 1897 391 1980 τῷ
416 1894 543 1976 βασιλεῖ
569 1901 630 1957 τῶν
659 1895 774 1978 Τρώων
802 1897 847 1970 ὡς
870 1895 954 1978 μέγα
982 1920 1008 1959 τι
1030 1896 1137 1978 δῶρον
1159 1919 1312 1979 προσενε-

135 2013 167 2064 15
182 2004 306 2092 χθῆνυι.
321 2011 428 2069 τοῦτον
445 2006 481 2068 δέ
496 2029 574 2091 φασι
587 2008 633 2068 καί
650 2008 721 2081 τοὺς
742 2005 775 2067 ἐν
792 2005 932 2089 Αἰγύπτῳ
948 2009 996 2069 καί
1008 2007 1175 2088 Βαβυλῶνι
1187 2010 1312 2091 μάγους

186 2120 256 2201 περὶ
279 2119 391 2180 πολλοῦ
416 2115 573 2181 τίθεσθαι·
591 2119 686 2179 πολλὰ
703 2117 762 2201 γὰρ
779 2117 884 2192 αὐτοῖς
900 2119 979 2200 πρὸς
994 2119 1049 2192 τὰς
1065 2117 1191 2201 ἐπῳδὰς
1207 2117 1311 2179 αὐτῶν

186 2230 234 2291 καί
249 2230 390 2315 γοητείας
415 2226 662 2309 συμβάλλεσθαι.
687 2224 895 2313 καθημεροῦν
904 2228 940 2289 δὲ
963 2229 1013 2290 διὰ
1029 2228 1139 2290 τούτου
1156 2229 1204 2292 καί
1221 2228 1313 2313 όφεις

187 2341 234 2402 καί
257 2337 443 2422 δράκοντας·
468 2338 543 2400 ἀλλὰ
566 2340 614 2400 καί
637 2339 777 2410 πίνοντας
800 2338 834 2400 ἐκ
850 2338 959 2400 τούτου
977 2341 1029 2400 τοῦ
1044 2336 1132 2400 λίθου
1145 2339 1312 2421 μαντικοὺς

187 2449 326 2532 γίνεσθαι
341 2451 388 2511 καί
404 2433 642 2532 ὀρνεοοκόπους,
665 2450 712 2511 καὶ
727 2448 833 2522 ἁπλῶς
847 2449 956 2531 ὥσπερ
974 2449 1100 2531 ὀργάνῳ
1117 2451 1163 2532 τῷ
1180 2449 1311 2534 τοιούτῳ

135 2566 172 2635 20,
184 2560 324 2649 χρῆσθαι
347 2563 426 2646 πρὸς
448 2564 550 2622 πᾶσαν
573 2559 674 2622 αὐτῶν
698 2561 752 2643 τῆς
775 2559 882 2645 τέχνης
905 2558 1041 2639 δύναμιν.
1351 2557 1353 2560 ⁴

273 2671 314 2734 Λί
319 2672 384 2743 θος
395 2694 456 2732 νευ
460 2671 500 2754 ρί
505 2693 576 2756 της.
589 2669 767 2753 ὠνόμασται
780 2667 815 2730 δὲ
829 2667 930 2744 οὕτως
942 2668 1002 2730 ὀπδ
1019 2671 1072 2730 τοῦ
1089 2671 1154 2741 ταῖς
1170 2670 1313 2744 παλαιαῖς

184 2834 280 2897 μάτων
304 2838 452 2899 sequuntur
477 2848 545 2900 quae
563 2829 596 2884 ab
616 2832 791 2898 epitomatore
815 2831 847 2884 de
866 2831 1031 2885 haematitae
1049 2831 1150 2883 viribus
1167 2835 1314 2883 narrantur

190 2919 224 2972 ab
242 2917 285 2969 καί
302 2918 372 2982 μετὰ
390 2917 486 2977 θδατος
503 2934 587 2986 usque
606 2918 640 2971 ad
659 2920 806 2986 ἐργάζεται
824 2918 892 2984 (sic),
918 2923 981 2972 tunc
999 2931 1062 2969 vero
1084 2916 1182 2969 omissa
1199 2914 1314 2983 liparaei
1337 2901 1340 2906 ¹

187 3009 216 3059 et
239 3004 361 3056 nebritae
386 3004 564 3072 descriptione
589 3003 722 3070 quaedam
740 3019 753 3055 e
773 3003 953 3070 Damigerone
971 3001 1085 3054 fortasse
1109 3014 1234 3067 magnam
1252 3013 1315 3066 par·

188 3095 242 3142 tem
253 3093 382 3154 excerpta
391 3087 423 3139 de
435 3086 575 3155 lapidibus,
588 3101 622 3139 ex
635 3102 747 3153 quorum
759 3098 869 3139 numero
882 3085 931 3139 hos
943 3085 1045 3138 notavi:
1058 3086 1134 3145 λίόος
1145 3084 1312 3153 σμάραγδος,

187 3175 241 3244 γὰρ
268 3171 350 3231 δόναξ
370 3173 443 3238 (sic),
470 3173 595 3242 ὀνυχίτης
617 3171 721 3241 ἔτερος,
746 3172 924 3241 χρυσόλιθος,
954 3170 1094 3235 ὀπάλλιος,
1117 3170 1313 3240 δενδραχάτης,

188 3261 369 3330 λαοπαχάτης,
387 3262 574 3331 σαρδοχάτης,
599 3257 766 3322 πολάζωνος,
792 3257 947 3325 πάγχρους,
971 3255 1130 3325 σμυρνίτης,
1157 3252 1317 3323 χελιδόνιος,

189 3345 337 3413 ίερακίτης,
357 3346 543 3414 δρακοντίτης,
562 3343 757 3410 ἀσπαλακίτης,
777 3340 923 3408 φρυνίτης,
944 3339 1068 3407 ὀαινίτης.

261 3430 283 3479 4
304 3430 442 3499 αἱματώδη
461 3433 493 3481 A.
523 3461 550 3468 -
582 3431 600 3480 5
620 3429 681 3480 ὅλον
701 3427 773 3478 ποιεῖ
789 3426 815 3477 A
837 3428 933 3478 omisso
958 3425 1066 3476 κάκεῖνο
1089 3424 1189 3492 τίθησι.
1211 3452 1240 3461 -
1268 3419 1317 3489 ’ίῆ

192 3532 241 3584 pro
260 3513 317 3566 εἴτε
334 3518 367 3567 Α.
399 3547 428 3554 -
461 3515 684 3582 ’λαρατοόμενος
702 3514 718 3582 ἢ
738 3511 909 3579 φορούμενος
927 3511 958 3560 A.
977 3539 1011 3547 -
1035 3508 1118 3560 8ἐπί
1137 3508 1202 3566 τοὺς
1220 3507 1249 3557 ἐν
1271 3506 1319 3557 δικ.

194 3601 322 3658 ἀπιόντας
340 3601 371 3650 A.
393 3630 419 3638 -
442 3599 461 3649 9
482 3599 550 3659 μεθ’
568 3597 667 3657 όδατος
683 3595 828 3657 πινόμενος
845 3594 878 3646 A.
899 3623 928 3631 -
954 3594 981 3643 11
1000 3596 1078 3645 πᾶσιν
1098 3593 1188 3659 codd.;
1207 3592 1254 3644 τόν
1272 3607 1319 3656 φο·
1390 3637 1392 3642 .

192 3689 296 3754 ροῦντα
313 3685 359 3735 τὸν
379 3686 503 3735 τοιοῦτον
523 3682 598 3734 λίθον
618 3682 764 3747 ἐργάζεται
782 3682 815 3732 A.
840 3708 871 3718 -
898 3680 933 3730 12
955 3679 1057 3748 ἀσυρία
1075 3677 1150 3731 codd.
1171 3708 1200 3716 -
1226 3677 1262 3728 14
1280 3679 1321 3744 τῷ

193 3777 255 3823 ante
267 3770 332 3835 βασ4
347 3786 398 3822 om.
411 3770 443 3822 A.
457 3800 486 3807 -
502 3769 535 3819 15
549 3767 591 3819 καί
604 3767 745 3825 πολυτοός
757 3782 806 3820 om.
821 3768 860 3831 A3
879 3766 943 3824 τοὺς
961 3803 1005 3816 ...
1025 3764 1128 3830 μάγους
1145 3777 1179 3815 ex
1197 3763 1253 3821 τοῖς
1270 3760 1321 3822 μά-

191 3872 247 3922 γοις
260 3857 292 3906 A.
305 3886 337 3897 -
349 3856 383 3905 16
394 3873 420 3905 π.
439 3853 565 3914 πολλῖἫ
580 3852 668 3910 αὐτοῖς
681 3867 731 3904 om.
743 3851 777 3916 V3
795 3851 843 3910 τὰς
862 3850 967 3901 ἑαυτῶν
981 3850 1021 3900 ἐπ.
1034 3849 1067 3914 A,
1084 3848 1131 3906 τὰς
1150 3849 1190 3898 ἐπ.
1209 3847 1322 3904 ἑαυτοῖς

199 3941 226 3992 V.
244 3973 278 3980 —
296 3942 330 3992 17
350 3938 540 4004 συμβάλεσθαι
557 3940 597 4000 A,
621 3935 856 4006 συμμάχεσθαιλί
881 3939 975 3988 contra
993 3947 1069 3986 usum
1088 3931 1214 3986 auctoris,
1232 3962 1267 3972 -
1288 3931 1323 3983 18

198 4026 265 4079 ἀλλὰ
283 4043 333 4079 om.
352 4028 384 4077 A.
