2866 4620
593 342 825 407 -105-

151 524 193 581 iri
213 525 309 597 ιλῆσιν
325 525 366 591 A,
387 528 437 591 μλν
461 524 662 596 λπιεύελὴσπειν
687 526 747 595 (sic)
764 526 802 593 B,
828 526 880 589 μλν
905 525 1098 597 λπυιιπλὴσπειν
1120 525 1178 580 rell.
1195 525 1273 582 codd.

151 610 213 676 111,
229 611 284 677 uie
302 610 449 682 παλήσεειν
467 610 561 679 Steph.
579 620 607 665 et
624 610 681 665 rell.
701 609 760 665 edd.
778 616 842 665 auto
859 610 965 679 Herm,
988 612 1033 680 qui
1050 612 1101 675 μλν
1118 610 1272 683 ἐπιπλήξειν

150 696 267 765 mimit-
309 694 364 751 Sed
381 695 500 751 dubitari
516 712 610 765 posse,
633 697 698 765 quin
721 696 871 767 δράκοντος
891 698 989 765 μοίρας
1007 696 1161 769 ἐπιπλήξειν
1179 697 1272 769 ἠελίου

149 780 255 839 ommno
273 796 402 853 mcum
418 781 455 837 sit
471 780 528 835 dixi
546 782 601 835 iam
618 780 646 834 in
662 781 748 849 Epist.
763 798 791 849 p.
805 786 844 837 19.
869 813 895 823 -
919 782 1019 851 ἠελίοιο
1031 782 1063 839 Β.
1083 813 1112 823 -
1133 784 1189 838 714
1202 782 1273 835 tent·

149 882 202 935 ρει
217 866 257 935 B;
274 864 407 935 λριβὸλου
424 864 511 919 BPV
532 865 586 919 nis.
615 896 651 907 -
681 865 736 918 oto
759 866 912 933 ἀφεύστοιο
935 866 1001 921 coni.
1025 866 1145 933 Musgr„
1168 867 1274 937 recepit

150 948 258 1017 Herm..
281 948 436 1018 coaonae
458 950 535 1006 oodd.
554 957 582 1005 et
599 950 657 1005 rell.
677 950 736 1006 edd.
759 966 809 1019 pro
833 966 887 1019 qno
908 950 1056 1023 ὴφοίοτοιο
1080 953 1148 1005 coni.
1173 952 1274 1023 Perdr,

151 1034 197 1103 qui
213 1032 312 1091 vertit:
331 1034 468 1104 »Tresque
484 1035 604 1089 vaticinii
622 1033 747 1089 multiscii
765 1034 904 1088 Vulcani«.
921 1063 955 1073 —
980 1034 1035 1087 716
1054 1038 1221 1103 τετυγμένος
1237 1039 1272 1093 A.

149 1146 182 1159 -
200 1118 256 1173 717
269 1124 334 1175 anto
344 1118 437 1173 Herm.
449 1134 553 1174 comma
564 1127 628 1188 post
644 1118 782 1181 ostonem,
800 1125 931 1187 punctum
942 1124 1005 1186 post
1018 1116 1184 1190 Ἀτρυτώνης
1201 1128 1273 1188 erot3

151 1216 217 1259 eorr.
228 1202 336 1273 Tyrrh.
375 1202 476 1259 Contra
488 1204 592 1272 Musgr.
612 1213 639 1258 et
657 1204 823 1260 Sinthouwer
839 1204 879 1271 (in
890 1205 951 1259 Act
963 1204 1022 1259 Soc.
1035 1205 1108 1259 Trai.
1118 1206 1159 1258 λλλ
1171 1222 1197 1273 p.
1213 1209 1272 1273 162)

149 1304 172 1343 τ.
191 1290 243 1347 178
262 1290 293 1343 ie
313 1290 345 1343 di
361 1305 412 1359 pro
430 1290 479 1361 ὴδλ
501 1290 644 1359 legendnm
664 1306 722 1345 esse
747 1296 910 1345 censuerunt
930 1298 1036 1344 servata
1058 1288 1169 1358 vulgata
1191 1290 1272 1345 inter

126 1406 130 1413 -
150 1372 305 1443 punctione.
328 1405 360 1416 -
389 1374 488 1428 7191ν
506 1376 599 1430 notuvi
617 1390 652 1429 ex
669 1374 863 1429 ABMPPol.
881 1379 909 1428 et
931 1372 991 1428 edd.
1010 1381 1073 1427 ante
1096 1374 1202 1439 Herm..
1226 1374 1273 1444 qui

150 1458 232 1513 incito
250 1456 279 1511 dv
297 1459 412 1529 scripsit.
433 1490 462 1501 -
486 1461 630 1530 ἀργεννοῖς
647 1462 679 1514 Α.
698 1490 731 1501 -
757 1461 820 1514 720
839 1478 886 1528 σφι
907 1458 983 1514 codd.
1002 1459 1067 1513 dett.
1086 1458 1141 1513 nit.
1160 1490 1195 1501 -
1217 1460 1272 1514 721

149 1540 226 1607 adeor
243 1542 350 1613 scripsi,
371 1542 448 1609 μλξοι
470 1545 546 1601 codd.
566 1552 594 1599 et
612 1544 671 1598 edd.
688 1574 723 1585 -
742 1546 801 1598 »An
824 1544 893 1598 haec
916 1546 951 1599 sit
973 1544 1118 1613 descriptio
1141 1544 1272 1613 malogra-

149 1626 213 1697 nati,
224 1626 343 1683 viderint
355 1629 494 1684 consulti«
512 1630 610 1685 (iesu.
641 1629 718 1683 »Sive
730 1629 858 1698 Helenus,
871 1630 926 1685 sivo
938 1638 1033 1685 auctor
1044 1629 1111 1699 ipso,
1123 1632 1150 1683 iu
1162 1630 1272 1698 regione

149 1710 204 1767 uile
219 1710 256 1767 ad
274 1718 397 1767 ausuum
414 1720 551 1781 vergente,
569 1714 646 1783 loqui
666 1720 842 1782 supponatur,
864 1730 917 1768 nou
935 1714 1078 1768 verisimile
1097 1721 1138 1768 est
1156 1729 1217 1767 eum
1234 1715 1272 1769 lo-

150 1802 296 1867 quntmnm
312 1795 396 1851 finisse
413 1795 447 1851 de
465 1797 554 1852 Malo
573 1800 726 1852 Grauuto
751 1797 794 1851 vel
813 1805 843 1851 ut
859 1798 1060 1867 peregrino,
1083 1799 1126 1852 vei
1145 1807 1176 1853 ut
1193 1800 1273 1855 valde

149 1882 310 1953 pretioso.
341 1882 393 1939 Sed
412 1898 499 1953 neque
513 1884 581 1937 Mali
599 1884 711 1937 Grauati
730 1898 823 1937 coccos
840 1884 911 1936 inter
929 1882 1149 1938 condimenta
1166 1883 1272 1939 habitos

150 1966 309 2023 crediderim
326 1966 398 2019 ὅσσα
415 1986 468 2038 περ
489 1999 518 2008 -
538 1967 636 2036 ἵμερον
657 1968 842 2031 ἐσπέμπουσιν
861 1966 981 2037 ἐδητύος.
1017 1968 1139 2037 Denique
1159 1968 1272 2021 eundem

149 2066 258 2109 coecum
277 2052 475 2125 χρυσοχίτονο
493 2060 520 2107 et
537 2052 718 2125 μιλιγχροέην
738 2052 829 2108 vocari
848 2052 1043 2107 incommodum
1060 2052 1174 2106 ridetur.
1211 2052 1271 2121 Ego

151 2152 213 2193 eane
231 2144 372 2193 auctorem
389 2146 510 2193 nostrum
529 2140 562 2194 de
581 2139 703 2207 Pipere
722 2139 795 2207 ioqui
813 2138 945 2205 existimo,
966 2137 1088 2206 adeoque
1105 2153 1155 2206 pro
1170 2156 1272 2209 χροσο·

149 2222 254 2295 pirosa
270 2222 455 2291 reponendum
472 2238 530 2277 esse
548 2224 744 2294 ρυσσοχίτονο.
780 2222 885 2292 Piperis
902 2223 1004 2278 scilieet
1022 2237 1117 2277 coccus
1135 2228 1163 2275 et
1181 2236 1271 2290 acer,

150 2316 179 2365 et
194 2310 415 2381 peregrinus,
439 2318 467 2365 et
490 2327 651 2379 rugosus,
674 2318 702 2365 et
723 2312 835 2380 niger,
859 2317 887 2365 et
904 2309 1006 2364 valde
1029 2308 1221 2378 pretiosus,
1244 2311 1273 2361 et

153 2395 344 2467 oppetitum
366 2397 538 2461 excitans,
561 2413 631 2466 quoe
654 2398 743 2451 omnin
761 2412 796 2450 an
813 2397 849 2450 de
866 2396 922 2450 ullo
939 2396 993 2450 elio
1011 2410 1090 2449 coeco
1113 2408 1176 2447 rere
1194 2406 1273 2460 prae·

152 2478 237 2537 dicari
253 2480 367 2551 possint,
384 2478 501 2537 dubito«
521 2482 662 2551 Tyrwh.,
681 2484 756 2564 cuius
775 2482 955 2535 coniecturum
972 2480 1076 2547 recepit
1093 2479 1184 2532 Herm.
1212 2476 1272 2544 Ego

152 2600 324 2675 ρυσσχιτιννο
341 2600 454 2655 formam
471 2601 596 2669 praetuli.
616 2632 647 2641 -
665 2566 795 2669 λρίτιλμον
808 2598 840 2652 V.
857 2630 891 2638 —
910 2600 973 2652 722
991 2599 1020 2649 ἐν
1038 2593 1231 2650 ABMPPal.
1245 2601 1273 2646 et

154 2682 424 2753 momerium,
446 2684 493 2753 qui
516 2684 598 2738 tocite
622 2684 650 2737 λν
674 2685 789 2753 scripsit.
806 2712 841 2723 -—
864 2684 917 2735 ὅσα
939 2682 1008 2749 Pol.;
1030 2681 1141 2745 μεταλλ.
1163 2678 1220 2733 Pal.
1237 2708 1272 2719 -

152 2768 215 2823 728
233 2768 407 2837 ἀνθρώποισι
424 2769 544 2825 PPo1.v
562 2778 590 2824 et
613 2771 672 2824 edd.
690 2777 753 2824 aute
772 2769 877 2832 Herm..
902 2768 948 2837 qui
965 2768 1049 2821 tacite
1067 2782 1136 2823 corr.
1154 2796 1187 2807 -
1209 2766 1273 2817 ’724

152 2850 222 2923 ὄφρ’
238 2854 287 2925 ἡδ’
298 2854 342 2907 iri
354 2854 376 2907 P
389 2856 448 2921 aii;
469 2855 510 2907 ἐνλ
521 2857 554 2918 Α,
574 2862 604 2910 ut
617 2857 684 2911 coni.
697 2856 811 2926 Tyrwh,
830 2855 873 2908 ἐπὶ
885 2855 942 2909 reli.
956 2854 1032 2909 codd.
1045 2860 1073 2907 et
1088 2853 1147 2907 edd.
1160 2884 1193 2895 -
1203 2853 1273 2919 ιιρλυ

148 2938 266 3007 γαστέρι
282 2939 402 3003 domoc·
420 2940 505 2992 λύντο
522 2940 597 2996 codd.
619 2948 647 2995 ct
664 2942 722 2996 edd.
742 2949 806 2996 ente
823 2942 923 3008 Herm,
942 2939 1014 3008 quod
1031 2939 1136 3001 reduxi,
1161 2944 1272 3007 recepto

151 3022 231 3079 durni
247 3038 284 3078 ex
300 3025 327 3079 Δ
344 3029 373 3078 et
390 3040 425 3079 ex
442 3025 585 3094 Tyrwhitti
604 3026 758 3081 coniectura
775 3027 815 3078 ἐνλ
832 3043 882 3095 pro
900 3025 950 3078 tri
979 3025 1079 3077 »Immo
1097 3024 1160 3077 ulihi
1178 3024 1272 3077 vitium

150 3108 236 3165 latere
255 3108 375 3174 δυρνατ·
393 3110 520 3177 ostendit,
537 3111 607 3165 mule
627 3112 662 3179 [λ]
683 3112 774 3166 elisam
791 3111 894 3165 hebens
911 3110 1115 3179 diphthongum.
1151 3109 1272 3163 Scriben·

151 3194 216 3251 dum
233 3195 416 3266 οε1γάστρης
433 3197 568 3261 δάμναται
587 3196 689 3256 dorric«
708 3197 812 3250 Herm.
843 3227 872 3237 ·-
907 3196 968 3248 726
987 3192 1125 3265 ἄρρηκτον
1144 3192 1272 3247 ΑΒΜΡ

150 3278 209 3335 Pal.
227 3280 289 3348 aii,
309 3295 363 3349 quo
380 3286 489 3349 recepto
507 3296 561 3335 non
579 3283 635 3335 sine
653 3281 830 3336 haesitatione
849 3281 953 3335 seriori
971 3280 1051 3333 etimu
1068 3278 1180 3330 ἕκαστον
1199 3282 1228 3330 et
1244 3275 1273 3331 in

149 3380 230 3439 versu
242 3371 373 3435 sequente
390 3365 491 3431 οὔνομα
502 3384 552 3435 ρτο
570 3367 766 3422 nominatim
778 3367 880 3421 dictum
892 3381 950 3419 esse
963 3366 1053 3419 etotui.
1067 3360 1190 3432 ἄρρητον
1205 3362 1270 3431 [Vt]

149 3456 177 3505 et
200 3448 260 3507 edd.
277 3450 340 3505 inde
357 3467 374 3505 a
391 3453 497 3522 steph,
519 3452 633 3505 ἕκαστον
652 3453 728 3508 codd.
750 3460 777 3507 et
795 3451 854 3505 edd.
873 3457 936 3505 onte
954 3451 1059 3517 Herm,
1084 3448 1130 3517 qui
1148 3447 1271 3500 ἑκάστων

149 3536 264 3605 scripsit
282 3566 316 3577 —
335 3537 397 3591 726
411 3538 474 3590 daci
493 3538 558 3591 AM
576 3543 604 3590 et
622 3537 713 3591 Herm.
737 3536 869 3599 exenni,
896 3535 963 3605 ἐπήν
982 3534 1039 3587 rell.
1057 3533 1133 3587 codd.
1152 3539 1180 3587 et
1198 3531 1270 3598 edd,

151 3622 197 3673 κέν
215 3621 247 3676 Μ
265 3627 329 3675 aute
347 3637 428 3685 eorm
446 3621 573 3690 τελετῆσι
590 3623 623 3689 Δ,
641 3622 780 3674 πελιταῖσι
797 3620 836 3683 Μ,
854 3620 984 3689 ττλετῇσι
1001 3618 1057 3671 reli.
1072 3616 1149 3673 codd.
1167 3621 1195 3671 et
1212 3615 1271 3671 edd.

150 3710 214 3759 ante
231 3704 333 3768 Herm..
349 3707 395 3774 qui
413 3706 495 3760 tacite
513 3706 660 3776 τελιτῇσιν
680 3704 796 3773 scripsit.
815 3734 845 3743 -
867 3703 929 3755 727
947 3702 1068 3771 ἀείδῃσιν
1086 3703 1120 3755 A.
1148 3731 1178 3741 -
1208 3701 1272 3755 728

151 3790 295 3861 μεγαίρτιν
307 3792 342 3847 Δ.
352 3822 386 3833 -
404 3793 466 3846 729
482 3792 510 3851 ἐς
527 3793 552 3845 Α
562 3792 582 3844 Β
591 3791 621 3844 Μ
631 3792 652 3845 P
664 3790 718 3845 Pal.
738 3799 766 3846 et
783 3790 843 3845 cdd.
862 3796 924 3844 ante
942 3789 1043 3852 Herm,
1063 3786 1090 3849 ἒς
1102 3789 1167 3858 {Vi}
1189 3788 1272 3843 tacite

151 3875 310 3946 Hermoni
331 3884 474 3945 praetereo
495 3875 620 3931 adnotat:
648 3876 781 3930 »Pessime
803 3875 890 3929 versio
908 3890 925 3928 a
943 3874 1062 3928 Gesnero
1082 3880 1217 3928 correcto:
1238 3873 1272 3927 in

150 3976 280 4031 eosque
304 3962 454 4016 divinum
477 3963 638 4030 spiritum
661 3963 851 4016 immittant
877 3976 980 4029 super
1003 3976 1120 4015 socrus
1143 3974 1272 4015 carnes.

149 4045 234 4101 lmine
252 4060 346 4100 sensus
368 4053 422 4099 est:
445 4047 582 4115 dodorim,
607 4047 673 4107 τούς
695 4064 728 4116 γε
752 4046 839 4114 (deos)
862 4046 971 4113 ἐσάγειν
996 4050 1103 4110 πνεῦμα
1126 4044 1203 4098 ἔνδον
1228 4045 1271 4095 ἐπὶ

151 4132 275 4203 μοίρας.ε
295 4161 326 4171 -
348 4132 410 4183 730
424 4130 505 4184 ἔνδον
524 4146 575 4185 om.
588 4130 631 4196 M;
649 4128 710 4197 ἄγει
728 4130 750 4181 Ρ
768 4129 832 4197 aii,
850 4129 953 4183 Dinner
969 4145 995 4198 p.
1014 4133 1079 4192 6483
1098 4131 1198 4196 poinde
1214 4125 1270 4179 Pal.
