2866 4620
588 284 821 350 4104-

149 484 216 524 corr.
234 469 262 522 in
280 470 314 537 1³3
333 469 367 522 οδ
384 471 447 523 ποτ’
466 471 503 536 Β;
521 469 558 537 dp
576 472 614 536 A3
632 470 709 522 αδτῶ
729 469 801 534 ΑΜ,
820 470 896 540 αὐτῷ
914 471 935 525 Ρ
952 471 980 525 in
998 477 1083 539 textu,
1099 470 1158 526 Pal.
1176 486 1272 540 supra,

148 553 173 608 V
190 569 286 624 supra,
303 553 386 615 αδτύς
404 555 448 624 [Β]
467 555 489 608 Ρ
506 555 535 608 in
552 570 645 623 marg,
662 555 718 608 Pel.
736 555 819 624 inira,
837 555 860 609 V
879 555 961 622 infra,
982 562 1009 609 et
1027 554 1086 612 edd.
1104 572 1206 612 omnes.
1224 558 1271 610 ad·

147 638 194 699 τός
211 645 305 694 contra
324 639 463 694 meliorum
484 639 613 694 librorum
636 641 825 694 auctoritatem
847 640 1017 694 retinendum
1036 640 1114 709 duxi,
1137 657 1172 697 ne
1190 643 1271 714 αὐτῷ

147 729 257 792 recepto
280 724 357 778 nimis
379 723 459 792 longe
482 724 615 778 obiectum
641 725 756 779 acerbo
779 725 908 789 κόμισσεν
930 726 1008 782 desit.
1042 727 1192 782 Praeterea
1214 726 1270 782 En·

147 807 239 862 medes
255 812 323 876 ipse,
340 824 395 863 non
411 808 482 864 filius
500 808 557 863 eius
576 809 662 863 Dolon
680 811 778 877 praeco
796 816 908 864 vocatur
926 810 960 864 ab
978 810 1095 865 Homero
1112 807 1141 864 Κ
1149 815 1202 866 314
1219 811 1272 864 Ad·

148 892 201 944 λων
218 890 357 963 Εὐμήδεος
374 893 439 954 υἱός,
456 893 603 963 κήρυκος
620 894 715 946 θείοιο.
744 894 838 961 »Quod
850 900 941 948 autem
951 894 1035 962 addit,
1049 895 1154 963 [auctor
1166 895 1271 965 nostor]

147 975 296 1040 Eumeden,
314 976 349 1031 ad
366 978 537 1032 Memnonem
554 978 681 1047 legatum,
699 995 734 1032 ex
751 980 863 1047 Assyria
882 979 1000 1048 lapidem
1017 980 1181 1047 Liparaeum
1199 987 1271 1036 attu-

148 1062 220 1132 lisse,
240 1061 324 1131 ipsius
341 1061 496 1131 figmentum
516 1067 580 1117 est«
599 1063 722 1132 Tyrwh.
746 1093 777 1104 -
805 1064 869 1116 694
884 1065 971 1133 κῆρυξ
987 1063 1062 1118 οοδδ.
1081 1070 1109 1116 et
1127 1063 1188 1120 edd.
1206 1072 1272 1119 ante

146 1147 251 1216 Herm,
276 1148 322 1218 qui
338 1148 421 1202 tacite
440 1146 530 1218 κήροξ
545 1149 660 1216 scripsit.
690 1180 714 1188 -
744 1149 807 1201 695
829 1150 932 1218 σήματ’
952 1147 1088 1218 AP'nif,
1113 1151 1222 1219 σήμάτ’
1240 1151 1273 1218 Β,

149 1232 253 1304 σήματ’
273 1234 313 1300 [Μ
324 1232 422 1302 Palvl
441 1234 532 1302 Steph.
552 1241 580 1288 et
596 1234 653 1288 rell.
671 1234 745 1302 edd.;
762 1235 896 1302 παρόντος
914 1235 939 1287 A
957 1233 1015 1302 (sed
1032 1234 1107 1302 prius
1120 1254 1136 1286 ο
1148 1251 1183 1288 ex
1197 1240 1226 1299 α)
1244 1241 1273 1289 et

147 1317 238 1371 Horm.
256 1334 291 1371 ex
308 1318 449 1386 Tyrrhiui
467 1310 549 1387 coni,
573 1317 709 1386 παρόντος
726 1319 799 1385 rell.;
820 1316 1009 1389 Ἂσσορίηδεν,
1034 1334 1088 1372 non
1109 1318 1272 1390 Ἀσσορίηδε

147 1402 223 1457 codd.
242 1409 270 1457 et
288 1403 348 1457 edd.
366 1418 466 1457 omnes.
495 1433 528 1442 -
559 1404 622 1456 696
638 1403 750 1467 κόμισσε
775 1403 871 1456 ΔΜΡ
893 1405 984 1473 Steph.
1006 1411 1033 1458 et
1050 1403 1108 1457 rell.
1128 1402 1189 1459 edd.
1207 1409 1273 1458 ante

147 1487 249 1554 Herm,
267 1489 362 1551 κόμισε
380 1486 500 1541 BPal.V
518 1488 581 1551 aif,
599 1489 729 1550 κόμισσεν
748 1489 831 1543 tacito
848 1489 940 1543 Herm.
968 1521 998 1530 -
1027 1490 1090 1542 697
1105 1489 1190 1558 μορίά
1207 1488 1275 1556 aif3

148 1570 315 1668 σπιντομδσι
327 1605 358 1659 v.
377 1637 411 1646 -
429 1607 492 1659 999
507 1607 540 1660 τι
557 1608 600 1659 ιιι
616 1606 688 1665 μεν
706 1609 740 1675 A,
758 1606 793 1659 ‘td
810 1572 856 1660 ιιῗ
870 1606 942 1665 νέειν
959 1609 989 1662 n.
1009 1639 1041 1648 -
1060 1609 1123 1662 999
1140 1609 1273 1660 σσινοσν-

148 1707 198 1751 τας
213 1691 240 1744 A
256 1696 285 1744 et
303 1692 394 1746 Herm.
414 1707 448 1745 ex
465 1692 608 1760 Tyrnhitti
626 1699 654 1747 et
671 1693 821 1761 Musgravii
840 1694 1003 1761 coniectura,
1024 1692 1196 1753 σπεύδοντας
1212 1693 1272 1748 rell

149 1774 223 1829 codd.
242 1775 409 1843 (σπεύδοντα
426 1776 460 1841 Β)
479 1782 507 1829 et
525 1776 597 1844 edd,
621 1777 693 1845 quod
711 1777 775 1831 ferri
795 1792 875 1845 posse
894 1778 1058 1831 existimavit
1075 1777 1146 1832 idem
1164 1777 1274 1845 Tyrwh.

138 1889 181 1901 ,..
201 1861 264 1914 700
283 1858 341 1912 ἔστι
357 1861 396 1913 Μ.
414 1890 449 1900 -
467 1862 522 1914 701
537 1862 667 1930 εὐρύοπα
686 1862 750 1929 Pal,
771 1862 893 1930 εύρύοποι
908 1861 945 1928 B3
963 1860 1081 1932 κληΐζειν
1102 1862 1224 1925 ύμνοῖσιν
1237 1862 1272 1926 Δ,

148 1951 176 1998 et
194 1946 315 2008 ύμνοῑσιν
335 1945 403 1998 coni.
421 1945 523 2009 Perdr.,
551 1946 666 2016 κληΐζειν
686 1948 813 2010 ὑμνοῦσιν
833 1946 908 2001 codd.
927 1947 992 2000 dett.
1011 1947 1071 2009 aif;
1091 1962 1159 2001 corr.
1177 1945 1272 2014 Steph.

148 2061 183 2071 -
196 2028 258 2082 703
274 2031 417 2102 ήφοίστοιο
429 2032 461 2083 Α.
476 2061 506 2070 -
521 2033 584 2084 704
598 2032 687 2100 τήκειν
700 2031 777 2102 ἡδείη
791 2031 867 2085 codd.
881 2031 942 2099 aif,
961 2031 1033 2100 quod
1046 2030 1153 2085 reduxit
1166 2030 1272 2098 Tyrwh.
1323 2039 1325 2043 ’

148 2115 224 2186 ἡδείῃ
250 2116 368 2170 κατίδοιεν
385 2121 414 2168 et
433 2115 568 2170 Schrader
591 2132 696 2183 quoque
719 2115 843 2183 probavit
865 2116 894 2168 in
918 2115 1030 2169 Emend.
1047 2116 1135 2170 Praef.
1153 2132 1180 2184 p.
1199 2114 1273 2178 uxi,

148 2201 238 2271 τήκειν
257 2202 304 2253 τόν
321 2202 352 2270 γ’
370 2201 422 2271 ἰδίῃ
441 2201 534 2268 Steph.
546 2201 680 2254 Eschenb.
693 2200 771 2254 Geso.
785 2231 816 2241 —-
837 2201 898 2253 '705
915 2202 983 2270 δδμή
996 2201 1029 2268 A,
1047 2202 1118 2271 ὀδμῇ
1137 2201 1182 2263 ai,
1202 2199 1273 2268 οδμή

148 2282 173 2348 f;
191 2280 247 2351 ἄρα
265 2299 315 2336 om.
334 2283 375 2346 M;
397 2280 492 2335 ’κεῖνοι
513 2283 556 2349 Μ;
580 2283 722 2350 ἐσορῶτες
744 2288 806 2336 ante
830 2298 898 2337 corr.
917 2284 953 2347 B,
978 2285 1146 2353 εἷσορῶντες
1164 2283 1220 2338 Pal.
1239 2313 1272 2327 -

152 2367 214 2421 707
232 2369 263 2435 γ’
282 2366 416 2436 ὁρόωνται
434 2368 473 2430 A,
497 2367 525 2420 in
543 2384 597 2436 quo
614 2367 644 2434 γ’
663 2368 798 2435 particula
814 2375 911 2436 postea
928 2373 1032 2422 tantum
1050 2385 1068 2423 a
1085 2369 1173 2439 prima
1190 2384 1272 2423 manu

149 2453 243 2508 addita
261 2460 316 2515 θεῖς
336 2452 470 2523 δρδισνται
488 2454 563 2508 codd.
579 2454 645 2511 dett.
664 2459 692 2506 et
709 2453 769 2506 edd.
782 2459 845 2506 ante
858 2453 959 2513 Herm,
978 2453 1110 2523 ἀρύονται
1129 2453 1197 2508 coni.
1210 2455 1273 2507 Ber·

148 2539 215 2594 nard
233 2538 268 2594 ad
285 2538 403 2593 Psellum
421 2538 454 2592 de
472 2539 567 2606 Lepid.
585 2557 612 2607 p.
634 2543 664 2592 10
682 2545 709 2592 et
721 2539 833 2606 Musgr,
851 2554 904 2592 non
916 2539 994 2607 male,
1011 2539 1099 2592 iudice
1111 2539 1269 2608 Tyrwhitto.

150 2625 285 2680 »Facilius
301 2623 453 2692 probarem,
471 2625 522 2678 nisi
537 2624 700 2696 χηραμόδεν
719 2625 758 2678 ita
775 2640 828 2678 non
845 2624 966 2685 haberet,
986 2639 1038 2692 quo
1056 2624 1151 2677 ultima
1169 2623 1273 2691 syllaba

148 2717 223 2766 recte
246 2709 448 2778 produceretur.
484 2708 651 2776 Quamquam
675 2708 727 2762 hoc
750 2709 873 2761 excusari
893 2707 962 2776 scio,
986 2708 1050 2777 quia
1071 2708 1178 2776 longius
1195 2722 1272 2762 voca·

148 2795 241 2850 bulum
259 2801 308 2848 est.
345 2794 397 2849 Sed
414 2795 514 2848 licebat
531 2799 628 2861 poetae
644 2793 809 2865 χηραμόνινν
829 2793 953 2855 scribere,
978 2792 1050 2860 quod
1067 2791 1227 2847 vocabulum
1245 2793 1272 2845 in

148 2880 340 2949 Argonautiois
352 2884 393 2932 est
404 2895 429 2932 s.
447 2879 520 2933 1272.
551 2877 640 2944 Quare
657 2878 777 2947 ρώονται
794 2877 911 2945 praetuli
929 2882 959 2930 ut
978 2877 1174 2944 coniungantur
1190 2877 1276 2954 haec:=

149 2965 352 3035 ἐφερπύζοντες
376 2963 487 3032 ἀϋτμήν.
510 2961 599 3016 Schol.
622 2962 759 3028 Aristoph.
783 2962 818 3016 ad
840 2960 907 3017 illud
929 2962 956 3014 in
980 2962 1059 3016 Pluto
1082 2963 1141 3016 675.
1167 2962 1216 3028 ἐφ’
1239 2961 1271 3032 ἣν

150 3049 306 3112 ἐπεθύμουν
331 3048 471 3112 δαιμονίως
494 3047 662 3116 ἐφερπύσαι,
686 3048 816 3116 περισσή,
834 3047 933 3115 inquit,
956 3047 1040 3116 ήμία
1062 3046 1135 3100 ent«
1163 3047 1271 3100 Herm.

149 3136 314 3205 Improbavit
330 3136 400 3189 haec
417 3133 489 3187 Wiel
506 3150 531 3200 p.
545 3136 593 3185 20:
613 3132 698 3186 »Nam
715 3133 754 3185 sic
771 3138 814 3185 ter
831 3134 975 3199 repetitam
992 3130 1067 3184 vides
1084 3129 1209 3183 movendi
1226 3146 1272 3184 no·

148 3222 249 3276 tionem
267 3235 379 3289 eamque
396 3233 493 3288 parum
505 3215 554 3270 sibi
567 3222 746 3270 constantem:
764 3216 865 3269 namin
878 3231 930 3268 uno
943 3215 1015 3269 tardi
1025 3221 1122 3281 motus,
1140 3215 1169 3267 in
1186 3214 1272 3269 altero

148 3306 321 3360 vehementer
342 3303 468 3358 concitati
483 3303 557 3359 notio
575 3302 676 3368 inest«,
700 3301 785 3368 quod,
809 3308 840 3354 ut
857 3302 884 3354 in
904 3302 1085 3370 serpentibus,
1108 3300 1202 3355 mirari
1219 3317 1273 3356 non

148 3391 265 3446 debebat
287 3389 365 3444 Wiel.
401 3387 479 3455 Quod
501 3393 591 3440 autem
614 3387 659 3440 hic
685 3386 799 3440 coniecit
821 3386 989 3454 ροφόωνται,
1012 3386 1040 3439 id
1062 3401 1133 3439 nunc
1156 3386 1269 3453 expulsa

149 3476 271 3545 speciosa
288 3474 451 3528 deteriorum
475 3473 604 3526 librorum
628 3471 836 3539 interpolatione
863 3473 978 3541 ἀϋτμήν,
1003 3471 1118 3538 amplius
1135 3470 1201 3524 farri
1220 3487 1273 3524 non

149 3567 246 3631 potest.
275 3590 304 3599 -
334 3559 530 3627 ἐφερπίζοντες
548 3557 586 3624 V3
614 3555 732 3616 ἅπαντες
750 3558 789 3618 A,
812 3555 915 3625 δύτμήν
935 3554 1011 3608 codd.
1030 3555 1094 3608 dett.
1114 3559 1141 3606 et
1159 3554 1220 3608 edd.
1241 3585 1269 3596 -

152 3647 212 3700 709
230 3645 378 3708 ἐσσύμενοι
393 3643 431 3711 V;
449 3641 549 3713 ύμηκες
567 3644 600 3711 A,
619 3641 732 3710 ἄμφακες
749 3643 809 3696 BV.
827 3672 861 3681 —
881 3642 935 3694 710
949 3638 1002 3709 ἄορ
1021 3640 1096 3695 codd.
1116 3641 1163 3706 ai,
1182 3658 1237 3707 cop
1255 3637 1273 3706 f,
1315 3679 1319 3688 .

150 3730 203 3799 ἄορ
220 3729 280 3784 edd.
298 3729 360 3783 inde
379 3745 395 3783 a
413 3729 519 3797 Steph.;
544 3728 632 3781 aloldo
658 3727 719 3796 ὄφιν
738 3728 775 3781 M.
804 3758 835 3766 —
867 3728 914 3779 711
929 3727 1020 3796 κνίσης
1037 3727 1072 3790 Β;
1099 3728 1222 3797 δινεύήσι
1240 3725 1273 3787 A,

150 3816 290 3869 ciusdem
309 3814 384 3867 codd.
398 3813 464 3867 dett.
482 3811 656 3865 σπεύδοντε
671 3813 771 3878 Herm,
789 3813 930 3880 δινειιέσιιή
952 3811 1019 3864 coni.
1032 3811 1147 3879 Tyrwh,
1168 3810 1272 3878 δινεύη·

150 3917 195 3952 τοι
212 3899 319 3968 scripsit
336 3901 427 3953 Herm.
450 3930 485 3940 -
510 3900 564 3951 712
579 3899 662 3950 τοῦδε
681 3898 736 3950 AP
754 3913 785 3958 a;
804 3896 970 3958 διαμελειστὶ
987 3897 1009 3948 Ρ
1026 3897 1082 3949 Pal.
1102 3895 1164 3958 ait,
1184 3895 1273 3957 διαμε·

150 3984 221 4038 λιστὶ
237 3984 304 4051 Bv;
321 3984 447 4045 δαϊζέμεν
466 3983 635 4038 scribendum
653 3998 711 4036 esse
729 3983 797 4036 dixit
814 3981 911 4034 Nauck
928 3981 956 4033 in
974 3979 1114 4047 Melanges
1132 3980 1176 4034 Gr.
1196 3979 1273 4033 Rom.

150 4070 178 4124 ll
195 4088 222 4138 p.
240 4071 299 4138 417,
319 4068 365 4122 cfr.
385 4068 419 4122 ad
437 4086 461 4122 v.
479 4073 530 4123 400
548 4076 576 4121 et
594 4073 658 4130 7685
678 4071 776 4137 μοῖρας
794 4068 816 4120 Β
835 4072 863 4120 et
881 4072 943 4119 ante
962 4081 1029 4119 corr.
1050 4064 1080 4120 V.
1098 4095 1132 4105 -
1151 4064 1207 4116 713
1221 4064 1272 4127 μὲν
