2866 4620
605 334 842 398 -147-

162 522 262 600 τοίοις,
287 520 347 586 εἴτε
370 521 431 584 ἀπὸ
453 521 552 605 ξιφῶν
569 519 629 585 εἴτε
652 522 700 584 καί
722 519 784 584 ἀπὸ
805 520 924 605 ἑτέρων
945 526 1033 585 τινῶν
1056 521 1169 601 οίτιῶν,
1189 520 1289 594 ἀλεξι-

162 636 330 718 φοίρμακυν
345 627 474 712 γίνεται·
498 633 546 695 καί
563 632 698 713 σπείραις
714 631 749 694 δὲ
770 633 888 714 γυναιξί
903 631 1189 716 περιδεσμοόμενον
1204 630 1290 696 εὐτο-

165 742 229 805 κίαν
253 744 330 827 φασὶ
353 742 509 830 παρέχειν.

248 851 359 927 Altos
382 855 489 935 γαγιί
496 873 570 940 της.
599 853 633 915 τὸ
655 852 731 915 αὐτὸ
755 854 804 915 καί
827 852 935 915 τοῦτόν
958 876 1037 937 φασι
1059 851 1222 932 δόνασδαι,
1238 876 1288 916 κα·

125 995 145 1045 5
163 963 343 1047 πνιζομένου
359 962 486 1046 φεύγειν
502 961 595 1026 αὐτοῦ
613 964 665 1050 τὴν
681 964 776 1049 πνοὴν
793 962 829 1024 τὰ
844 961 956 1044 λοβόλα
971 965 1080 1026 πάντα.
1096 961 1162 1026 ἐστὶ
1177 963 1213 1026 δὲ
1235 966 1289 1052 τὴν
1384 1026 1387 1032 ,

159 1074 218 1156 μὲν
235 1074 347 1162 χροιὰν
370 1070 555 1159 αίδαλώδης
577 1073 621 1146 ὡς
644 1071 763 1157 τέφρα,
786 1074 839 1160 τίγν
862 1072 898 1135 δὲ
920 1071 997 1136 ooo
1020 1072 1057 1136 οό
1077 1073 1186 1156 μέγας,
1209 1073 1287 1136 ἀλλὰ

162 1183 283 1257 πλατύς.
308 1182 475 1247 δνοίπτεται
497 1181 532 1244 δὲ
555 1181 674 1269 ταχέως
698 1183 809 1262 ὥσπερ
832 1184 851 1269 ἢ
875 1185 970 1266 πεύκη
988 1184 1038 1246 καί
1056 1182 1192 1266 βαρεῖαν
1214 1183 1288 1245 δπο·

162 1294 273 1377 πέμπει
295 1295 391 1380 πνοὴν
414 1294 552 1373 ὡσπερεὶ
569 1293 742 1374 ἀσφάλτου,
771 1293 819 1354 καί
834 1292 1016 1376 διακριτικὸν
1032 1292 1068 1355 δέ
1083 1315 1179 1378 φασιν
1196 1291 1289 1357 αότδν

162 1408 216 1490 τῆς
242 1404 330 1488 ἱερᾶς
359 1402 462 1466 νόσου.
493 1402 621 1479 τούτους
655 1402 715 1487 γὰρ
743 1401 1014 1487 ὀσφραινομένους
1044 1402 1139 1466 αὐτοῦ
1169 1405 1218 1466 καλ
1244 1405 1288 1491 μὴ

113 1542 144 1593 10
162 1513 319 1597 φέροντας
340 1513 416 1576 κατὰ
438 1516 497 1597 γῆς
519 1512 614 1585 εὐδὺς
636 1511 762 1586 πίπτειν,
786 1513 834 1576 καί
857 1515 1002 1594 γυναῖκας
1024 1513 1060 1575 δὲ
1083 1511 1197 1588 νόσους
1219 1536 1289 1597 κρυ-

161 1622 253 1708 φίους
277 1622 384 1686 ίᾶσδυι
407 1620 605 1706 θυμιωμένου
628 1621 799 1709 δεχομένας
828 1622 922 1685 αὐτοῦ
952 1625 1006 1710 τὴν
1029 1623 1124 1710 πνοὴν
1147 1623 1290 1700 καὶτοὺς

162 1733 318 1819 πονηροὺς
340 1733 456 1819 ἰχῶρας
479 1732 550 1805 τοὺς
573 1729 696 1795 ἔσωδεν
712 1737 774 1796 τῶν
790 1733 975 1821 σπλάγχνων
990 1733 1093 1797 αὐτῶν
1109 1732 1287 1820 ἐκχεοόσας·

160 1846 277 1928 ἑρπετὰ
300 1843 336 1907 δὲ
358 1843 473 1928 όμοίως
496 1847 559 1916 τοῖς
582 1844 643 1927 πρὸ
666 1842 760 1907 αὐτοῦ
784 1845 906 1908 διώκειν
936 1845 985 1907 καὶ
1013 1843 1089 1908 ἄλλα
1120 1844 1184 1908 τινὰ
1212 1843 1288 1907 δαυ-

159 1957 265 2039 μαστδ
288 1957 395 2018 τοῦτον
418 1952 619 2038 ἐργάζεσδαι.
643 1957 784 2035 γεννᾶται
807 1954 843 2017 δὲ
865 1953 898 2016 έν
917 1954 1013 2040 Λυκίᾳ
1035 1956 1112 2017 κατὰ
1135 1955 1188 2041 τὴν
1210 1953 1289 2036 πρὸς

112 2099 145 2149 15
162 2065 328 2129 δόλασσαν
350 2064 496 2151 εἰσβολὴν
512 2066 651 2145 ποταμοῦ
675 2066 728 2127 τοῦ
751 2062 920 2146 λεγομένου
943 2061 1058 2145 Γάγαν.

247 2174 343 2251 Λίδος
365 2175 531 2258 ὁμώνυμος
554 2176 600 2259 τῷ
622 2172 747 2260 ἑρπετῷ
769 2174 974 2258 σκορπίος·
997 2174 1078 2252 όςτις
1099 2174 1176 2238 κατὰ
1198 2196 1289 2260 σκορ·

162 2285 238 2350 πίων
260 2284 331 2373 ἔχει,
356 2284 442 2370 φασί,
467 2287 521 2372 τὴν
544 2284 681 2367 δύναμιν.

245 2396 367 2471 Δίδας
394 2398 411 2459 ό
440 2396 659 2480 λεγόμενος
685 2397 882 2484 κυρσίτης.
913 2395 1093 2481 ὠνόμασται
1122 2396 1158 2460 δὲ
1188 2394 1289 2470 οὕτως

162 2506 223 2570 όπδ
247 2509 300 2569 τοῦ
322 2505 421 2593 κόρσγγ
446 2505 601 2569 τουτέστιν
617 2505 802 2591 δνδρωπείφ
822 2507 943 2592 κεφαλῇ
958 2506 1097 2570 ἐοικέναι.
1124 2509 1230 2568 τοῦτον
1252 2505 1289 2570 δέ

110 2658 145 2710 20
162 2641 240 2702 φασι
264 2616 448 2702 τριβόμενον
472 2617 552 2700 μετδι
580 2616 735 2700 σκορόδου
766 2619 814 2680 καὶ
842 2617 1003 2700 πινόμενον
1033 2617 1288 2701 ἀλεξιφάρμακον

229 2755 250 2805 8
267 2753 334 2818 φασὶ
346 2767 397 2804 om.
409 2749 440 2803 V.
452 2780 487 2792 -
499 2753 521 2804 4
531 2766 588 2820 sqq.
609 2752 692 2806 Deest
704 2751 731 2805 in
744 2752 766 2806 B
779 2751 886 2820 integro
898 2751 1041 2821 descriptio
1054 2757 1179 2821 gagotoo,
1192 2749 1292 2819 scorpii

163 2842 192 2891 et
209 2836 332 2893 corsitan-
352 2866 384 2877 -
403 2837 431 2888 4.
448 2837 466 2886 ὖ
485 2837 681 2900 καπνιζόμτνον
691 2836 723 2891 V.
743 2868 773 2877 -
789 2838 809 2890 6
830 2838 907 2890 δέσιν
928 2839 961 2893 V.
980 2838 1077 2893 Confer
1094 2853 1163 2907 quse
1181 2836 1292 2890 Strato·

163 2936 214 2976 nus
238 2921 309 2974 inter
325 2920 417 2975 Noths
433 2919 598 2975 Dioscoridis
622 2921 705 2976 habet
729 2923 762 2976 do
781 2922 899 2991 Gagote:
922 2923 990 2990 φασί
1013 2923 1042 2975 δὲ
1066 2923 1110 2974 καὶ
1128 2921 1291 2991 διακριτικὸν

164 3005 235 3059 εἶναι
254 3009 303 3074 τῆς
321 3004 398 3074 ίτρᾶς
416 3005 507 3058 νόσου.
527 3006 623 3058 τούτου
640 3008 694 3076 γὰρ
714 2994 932 3076 δσφραινομένσυ
946 3007 975 3058 έν
990 3008 1063 3078 ἀκμῇ
1075 3007 1213 3076 φέροντας
1224 3005 1293 3058 κατὰ

160 3097 211 3162 γῆς
232 3092 347 3144 πίπτειν.
373 3090 416 3142 καί
438 3094 575 3159 γυναικῶν
594 3092 624 3144 δέ
643 3094 741 3153 νόσους
760 3093 889 3162 κρυφίους
909 3093 1003 3145 ίᾶσδαι
1021 3092 1197 3157 θυμιώμενον
1217 3091 1293 3160 δεχο-

164 3177 253 3242 μένων
272 3178 357 3231 aoros
376 3179 425 3246 τὴν
439 3178 531 3248 πνοήν,
551 3178 622 3231 unde
633 3181 774 3245 γυναικῶν,
794 3179 955 3250 δεχομένων,
975 3178 1133 3248 έκχεουσῶν
1148 3176 1218 3230 inira
1230 3173 1294 3228 scri·

162 3261 277 3315 bendum
302 3277 360 3316 osss
384 3262 498 3315 fortasse
521 3260 634 3314 coniciet
656 3260 760 3329 aliquis.
788 3291 815 3300 -
851 3263 870 3314 9
894 3261 1016 3330 τούτους]
1041 3276 1075 3313 sn
1096 3259 1159 3319 τούς
1176 3257 1291 3312 scribon·

162 3347 245 3402 dum?
262 3354 325 3415 post
342 3349 480 3416 φέροντας
497 3344 628 3398 excidisse
647 3351 713 3412 puto
732 3344 781 3414 τὴν
801 3345 884 3415 πνοὴν
903 3346 987 3398 αὐτοῦ
1006 3345 1048 3399 vol
1067 3344 1154 3398 similo
1172 3342 1245 3413 quid.
1259 3373 1292 3382 —

161 3433 197 3484 10
214 3431 306 3484 πίπτει
324 3432 363 3498 V?
387 3431 512 3498 γοναίκες
528 3430 568 3494 V,
585 3432 711 3497 γυναῖκες
728 3428 762 3492 C,
788 3430 834 3497 qui
852 3445 934 3497 supro
952 3437 1026 3484 recto
1045 3431 1150 3483 πίπτειν
1169 3428 1291 3494 exhibet3

162 3517 274 3572 correxi.
299 3517 394 3568 ἰῶνται
418 3516 570 3586 δεχομένας
587 3516 761 3578 δυμιωμένας
785 3516 829 3566 καί
850 3516 913 3575 τοὺς
930 3515 1065 3584 πονηροὺς
1082 3515 1185 3586 ἰχῶρας
1203 3513 1294 3583 ἐκχεο-

162 3601 253 3666 μένων
272 3601 299 3656 C.
319 3632 353 3642 -
370 3603 405 3654 12
424 3600 574 3668 ἐκρτούοσς
594 3601 634 3663 V,
659 3600 730 3667 quod
754 3601 857 3654 correxi
882 3601 952 3655 viam
977 3607 1142 3654 monstrante
1160 3600 1188 3653 Ο.
1207 3629 1239 3640 -
1257 3598 1293 3651 13

164 3686 256 3740 διώκει
274 3686 331 3740 cod.
352 3716 382 3726 —
401 3687 491 3740 1416
511 3685 693 3739 eDiosoorido
707 3684 799 3739 addito
811 3692 881 3748 suut,
900 3686 947 3740 cir.
961 3685 1048 3741 Dioso.
1070 3686 1103 3740 do
1116 3690 1179 3740 mot.
1192 3684 1294 3739 med.V

163 3769 190 3840 ρ’.
203 3776 255 3827 413
274 3771 316 3826 sd.
329 3772 432 3825 Kios:
452 3769 477 3824 Γ
473 3772 583 3822 τννᾶται
601 3769 631 3822 δὲ
651 3771 680 3821 ἐν
699 3770 781 3841 Λυκίᾳ
799 3772 869 3823 κατά
887 3789 946 3824 τινα
970 3775 1094 3834 ποταμοῦ
1113 3770 1234 3839 είσρυσιν
1256 3773 1295 3832 είς

163 3857 309 3910 θάλασσαν
329 3858 508 3928 ἐκχεομένου·
528 3854 587 3908 ἔστι
605 3857 635 3907 δέ
647 3855 762 3926 πλησίον
778 3861 826 3926 τῆς
838 3857 989 3929 λεγομένης
1007 3855 1229 3918 λίαλαιοπόλεως·
1249 3878 1295 3911 κα-

164 3941 253 3995 λεῖται
271 3943 302 3994 δέ
319 3943 334 3994 ό
353 3941 431 4001 τόπος
448 3941 492 3992 καί
510 3942 525 3993 δ
544 3941 665 4003 ποταμὸς
687 3939 782 4010 Γάγας,
800 3945 870 4010 παρ’
889 3942 921 3994 αὖ
934 3944 973 4013 τῷ
988 3942 1105 4006 στόματι
1116 3944 1295 4011 είιρίσκοντσι

164 4023 240 4079 οὗτοι
257 4027 284 4080 οί
301 4027 384 4080 λίδσι.
403 4058 433 4068 -
462 4027 504 4078 164
518 4026 553 4078 17
572 4028 610 4078 De
630 4028 734 4095 scorpio
752 4027 820 4080 haec
838 4028 870 4081 G:
897 4027 972 4088 λίόος
989 4027 1130 4093 ὁμώνυμος
1148 4033 1196 4081 τοῦ
1214 4046 1296 4098 σκορ-

165 4112 241 4166 πίου·
260 4112 336 4172 ὅστις
353 4112 396 4164 καί
415 4112 445 4164 τὸ
464 4111 594 4180 σκορπίου
618 4109 690 4182 ἔχειν
708 4130 775 4180 φασι
792 4114 842 4184 τὴν
861 4113 981 4178 δύναμιν.
997 4145 1032 4157 --
1049 4115 1091 4167 20
1110 4116 1250 4183 σκορόδου
1261 4114 1294 4170 V·

1043 4201 1091 4254 10*
