2866 4620
589 380 820 442 -193—

417 666 498 731 XLI.
532 665 649 749 Lapis
672 665 996 748 Gagatromanes.

239 820 355 886 Similis
372 826 420 884 est
437 819 535 884 colori
557 822 656 902 capri,
678 819 711 883 id
735 824 782 885 est
796 819 957 901 capriolae
973 820 1114 903 agrestis.
1148 819 1268 903 Siquis

150 925 235 989 huno
257 923 398 1007 lapidem
420 943 495 986 usus
518 922 626 1001 fuerit,
655 922 741 987 utilis
765 929 822 987 θεῖ.
867 923 904 987 In
934 923 1071 989 historiis
1098 927 1205 988 autem
1237 927 1269 986 et

149 1026 190 1090 ad
214 1027 369 1104 inimicos,
394 1026 449 1108 qui
472 1046 544 1089 eum
566 1024 724 1104 habuerit,
746 1025 838 1090 fortis
861 1031 918 1089 est.
964 1025 1058 1088 Hune
1084 1025 1167 1089 enim
1188 1023 1269 1108 lapi·

151 1129 223 1194 dem
239 1129 392 1195 Hercules
414 1150 490 1193 usus
512 1133 569 1208 est,
593 1133 718 1193 etcum
741 1149 813 1192 eum
836 1128 1044 1211 deposuisset,
1067 1127 1167 1193 rietus
1189 1133 1245 1192 θεῖ.
1286 1127 1302 1178 5

435 1368 533 1433 XLII.
566 1367 689 1451 Lapis
712 1366 981 1433 Phoenieites.

235 1507 352 1572 Similis
375 1507 541 1589 phoenicio
557 1506 674 1571 balano
697 1505 742 1589 [id
761 1513 808 1572 θεῖ
824 1504 969 1590 dattilo];
994 1505 1171 1570 subrubeus
1193 1525 1268 1570 vero

149 1608 199 1673 vel
227 1610 430 1692 sanguineus,
458 1607 612 1673 mirabilis
639 1608 732 1692 lapis.
776 1611 813 1673 In
843 1631 938 1674 manu
968 1609 1100 1672 sinistra
1127 1612 1268 1690 gestatus

150 1710 191 1774 ad
215 1710 378 1774 tristitiam
402 1714 434 1774 et
457 1730 569 1774 causas
592 1715 624 1775 et
647 1711 804 1777 actionem
826 1711 912 1775 utilis
935 1716 994 1775 est.

483 1946 596 2011 XLIII.
629 1946 756 2031 Lapis
777 1947 933 2031 Lynois.
1290 1959 1321 2008 10

236 2085 332 2148 Seoas
354 2084 387 2146 in
410 2082 488 2147 duas
510 2088 643 2165 partes.
661 2132 667 2147 .
685 2131 693 2148 .
711 2133 718 2148 .
740 2084 774 2147 in
800 2082 864 2148 mel
891 2087 924 2148 et
945 2083 1013 2163 lao,
1043 2082 1157 2148 deinde
1184 2082 1269 2148 tollis

152 2192 184 2250 et
207 2184 343 2249 includis
365 2185 398 2248 in
414 2184 540 2264 annulo,
564 2189 596 2250 et
618 2185 663 2249 sio
677 2185 831 2267 portabis,
855 2192 887 2250 et
901 2186 1092 2269 ubicumque
1107 2207 1178 2250 oum
1199 2185 1269 2268 ipso

150 2289 233 2367 ieris,
258 2308 328 2352 oum
351 2287 465 2372 gaudio
488 2292 520 2353 et
541 2287 704 2354 hilaritate
727 2287 812 2372 quod
833 2287 970 2354 volueris
991 2287 1135 2354 habebis.

431 2525 543 2591 XLIV.
577 2525 699 2609 Lapis
721 2524 980 2592 Narcissites.

237 2667 295 2730 Est
323 2664 430 2729 viridis
460 2662 586 2727 modice
615 2662 728 2728 Martis
756 2663 881 2746 signum
910 2660 1040 2725 habens.
1089 2661 1150 2726 Hie
1175 2661 1270 2727 tritus
1291 2683 1321 2733 lo

155 2770 284 2835 odorem
307 2768 406 2833 habet
427 2766 569 2832 Narcissi
592 2766 724 2842 herbae,
746 2765 833 2831 floris
864 2763 1031 2848 magnifici.
1078 2766 1169 2830 Hune
1189 2763 1269 2846 lapi·

154 2871 226 2935 dem
251 2871 304 2957 qui
326 2890 402 2934 usus
424 2869 530 2949 fuerit,
554 2868 661 2933 omnia
683 2867 788 2932 vineit.

467 3089 562 3155 XLV.
596 3088 719 3173 Lapis
741 3088 949 3154 Steatites.

239 3235 358 3300 Similis
382 3239 431 3298 est
453 3233 602 3316 adipibus
624 3233 735 3298 leonis.
769 3232 829 3297 Hie
851 3231 987 3296 lucidior
1010 3239 1058 3297 θεῖ
1081 3231 1186 3297 colore
1207 3229 1270 3296 leo-

151 3338 209 3402 nis.
260 3337 370 3402 Viotor
399 3341 448 3402 est
475 3337 574 3416 enim,
602 3337 792 3420 quicumque
822 3359 893 3404 eum
921 3339 955 3402 in
982 3339 1110 3405 sinistro
1139 3335 1270 3403 brachio
1288 3345 1323 3396 20

150 3460 227 3505 usus
250 3439 356 3504 fuerit.

232 3628 247 3677 1
264 3630 436 3692 gagatromeo
455 3642 482 3684 c;
501 3653 534 3662 -
553 3623 671 3691 2oaprii
682 3640 709 3690 c;
727 3624 827 3691 agresti
843 3641 868 3690 ⁰3
887 3654 917 3665 -
938 3624 1091 3679 3historiIs
1107 3644 1152 3691 cp,
1171 3642 1206 3679 au
1222 3626 1273 3679 in·

152 3709 417 3777 quisitionibua?
436 3708 483 3761 sed
502 3708 594 3762 eodem
612 3709 668 3761 fere
687 3723 766 3762 sensu
784 3709 856 3777 apud
872 3709 1090 3765 Commodianum
1108 3725 1188 3764 earm.
1201 3711 1270 3778 apol.

151 3812 175 3848 v.
197 3799 243 3848 155
261 3795 440 3848 historiam
463 3794 515 3848 diei
533 3801 624 3848 monet
640 3794 719 3862 RIng.
739 3825 770 3834 -
795 3798 817 3847 4
834 3796 977 3850 habuerint
992 3815 1024 3863 p;
1047 3827 1076 3837 —
1102 3797 1121 3848 δ
1141 3812 1224 3864 quum
1237 3814 1271 3863 p3

151 3895 211 3933 eum
230 3895 285 3932 om.
301 3897 332 3944 p;
352 3911 385 3918 -
404 3879 563 3932 Ofenioiten
582 3896 610 3946 ⁰3
630 3909 657 3917 -
680 3879 800 3934 'lienioo
817 3899 846 3948 e,
863 3880 1007 3948 glossema:
1027 3882 1059 3936 id
1077 3889 1128 3936 est
1146 3883 1272 3939 dattilo

151 3965 290 4033 expulsum
309 3971 350 4017 est
368 3980 384 4018 a
402 3964 483 4017 Pitra.
509 3995 533 4004 —
553 3968 588 4019 10
605 3965 682 4020 lineIs
694 3985 720 4032 ος
740 3996 771 4007 -
789 3969 818 4018 11
835 3966 947 4020 lacunae
966 3968 1042 4034 signa
1060 3982 1110 4035 ego
1128 3970 1221 4038 posui3
1239 4000 1271 4011 -

150 4053 185 4104 12
196 4050 275 4103 anulo
294 4068 320 4115 ⁶3
332 4082 365 4092 -
383 4051 417 4102 13
430 4051 511 4120 quod]
527 4066 710 4121 quaecumque
721 4071 754 4119 p;
773 4083 806 4092 -
825 4054 861 4104 14
878 4053 1016 4107 narcissite
1029 4070 1055 4120 03
1073 4084 1108 4095 -
1124 4057 1159 4107 16
1171 4058 1272 4125 magni·

151 4137 216 4190 fieus
235 4156 261 4201 c;
280 4169 312 4175 -
331 4137 365 4188 18
384 4137 510 4191 steatiten
529 4157 556 4200 ος
579 4169 607 4178 -
628 4139 671 4190 20
690 4139 770 4207 enim]
791 4139 902 4192 autem?
919 4169 952 4179 -
971 4138 1095 4192 bracchio
1114 4159 1135 4193 c.

201 4235 285 4283 Abel,
299 4233 382 4285 Orphei
394 4233 488 4277 Lithica.
1070 4226 1102 4283 1³
