2866 4620
566 301 754 362 „q-

98 482 303 566 scriptorem,
342 485 397 569 qui
428 484 484 548 uni
519 484 686 567 eidemque
719 489 836 568 poetae
870 487 991 569 scripta
1023 486 1225 570 astrologica,

98 585 239 667 magica,
271 585 407 669 epodica
429 592 461 650 et
487 586 634 669 hymnos,
668 586 853 651 attribuerit
880 593 913 651 et
935 587 1070 653 Maximi
1099 609 1226 672 quoque

97 706 225 750 carmen
249 689 320 772 περὶ
342 693 506 777 καταρχῶν
530 688 589 752 sub
613 688 732 771 Orphei
755 689 882 753 nomine
909 709 1006 773 saepe
1035 689 1224 756 laudaverit.

100 789 170 866 Qua
192 787 329 854 Tactzae
350 788 478 853 inscitia
500 790 627 871 cognita
649 811 690 854 ne
724 790 905 854 necessaria
938 790 1066 872 quidem
1100 791 1226 855 videtur

103 889 269 972 Tyrwhitti
292 890 430 973 suspicio
456 891 623 956 »incidisse
646 893 793 956 Tzetzam
817 891 849 954 in
872 891 989 956 librum
1015 893 1123 956 omnia
1144 893 1226 958 haec

99 997 250 1075 poemata
273 992 420 1075 (Lithica,
444 991 723 1071 Dodecaeterides,
748 992 918 1076 Georgica)
945 993 1040 1058 simul
1063 995 1226 1059 continen-

97 1098 178 1171 tem,
209 1093 242 1156 in
265 1114 330 1176 quo
352 1093 434 1160 libro
457 1115 528 1159 cum
552 1096 688 1177 primum
711 1095 816 1160 locum
844 1100 1039 1177 occuparent
1061 1095 1224 1182 Ἐφημερί·

98 1196 152 1269 der
165 1215 193 1258 v.
210 1216 238 1277 g.
259 1215 351 1277 quae,
375 1201 488 1280 utpote
502 1196 634 1261 Musaeo
649 1197 833 1278 inscriptae,
857 1197 900 1260 ad
916 1196 1046 1278 Orphea
1061 1202 1225 1261 auctorem

97 1316 157 1378 pro
179 1316 269 1361 more
288 1297 478 1363 referendae
499 1299 694 1378 viderentur,
717 1301 821 1382 ipsum
840 1299 989 1364 Tzetzam
1012 1304 1226 1383 properanter

97 1396 191 1461 nimis
214 1401 247 1461 et
268 1397 396 1462 incaute
418 1404 546 1465 caetera
568 1400 664 1463 etiam
686 1400 721 1463 in
743 1398 856 1464 eodem
883 1399 967 1466 libro
993 1404 1144 1482 poemata
1167 1400 1225 1463 Or-

99 1497 184 1581 pheo
210 1498 383 1563 tribuenda
411 1501 670 1566 existimavissa«
719 1500 832 1565 Paullo
862 1501 1065 1567 verisimilior
1095 1508 1144 1567 est
1165 1501 1225 1566 Lo-

96 1599 202 1664 beclsii
229 1603 387 1666 sententia
408 1601 430 1666 l.
452 1603 473 1666 1.
497 1602 641 1685 prolata,
672 1604 820 1668 Tzetzam
849 1603 888 1668 de
916 1604 1056 1668 carmine
1086 1602 1225 1684 Orphico

98 1706 169 1789 περὶ
195 1704 291 1768 λίθων
319 1706 440 1792 γλυφῆς
462 1725 482 1768 a
504 1704 604 1768 Suida
627 1725 756 1788 quoque
786 1709 1036 1770 commemorato
1065 1703 1225 1769 audivisse

97 1809 130 1870 et
152 1806 213 1870 hac
235 1806 275 1870 de
302 1826 400 1870 causa
422 1805 549 1871 Lithica
577 1827 649 1870 cum
672 1807 893 1890 Argonauticis
923 1808 1035 1873 eodem
1063 1805 1223 1871 volumine

97 1907 330 1991 comprehensa
353 1907 482 1992 Orpheo
512 1908 672 1974 tribuisse.
717 1909 781 1974 Sed
809 1929 996 1993 quocunque
1026 1908 1122 1974 modo
1145 1908 1226 1971 haec

96 2029 149 2074 res
173 2030 208 2075 ss
229 1999 365 2108 habcqft,
388 2017 511 2076 certum
531 2017 589 2090 est,
613 2011 693 2076 nihil
715 2032 786 2077 esse
806 2013 841 2075 in
862 2017 931 2077 toto
962 2010 1113 2088 carmine,
1139 2008 1226 2094 quod

96 2110 221 2192 antiqui
247 2111 332 2175 illius
360 2113 482 2195 Orphei
513 2133 639 2176 musam
667 2114 788 2197 sapiat,
819 2133 919 2197 quare
945 2112 1062 2195 spretis
1090 2112 1226 2176 'l'zetzae

97 2211 228 2294 eiusque
254 2213 453 2296 sequacium,
489 2214 648 2280 editorum
678 2219 753 2279 ante
783 2215 1008 2298 Tyrvvhittnm,
1043 2213 1150 2295 nugis,
1182 2211 1226 2277 ad

97 2317 239 2405 aetatem
261 2315 401 2381 auctoris
423 2316 574 2398 anonymi
600 2316 780 2382 accuratius
808 2315 1019 2381 definiendam
1042 2334 1224 2397 pergamus.

96 2415 135 2478 In
158 2436 222 2498 quo
237 2416 363 2499 negotio
385 2418 433 2483 ita
454 2419 663 2498 versabimur,
686 2423 723 2483 ut
737 2419 946 2502 Tyrvvhittum
968 2417 1069 2482 secuti
1089 2415 1225 2481 aLithi·

98 2536 208 2581 corum
223 2517 367 2584 versibus
382 2521 510 2584 67-74
530 2519 781 2604 proficiscamur,
804 2521 837 2584 in
860 2518 976 2607 quibus
997 2518 1076 2601 quin
1098 2517 1138 2582 de
1152 2536 1225 2600 por·

98 2618 314 2686 secutionibus
342 2621 406 2686 arti
434 2623 579 2705 magicae
601 2628 634 2688 et
662 2623 730 2688 eius
752 2623 964 2689 sectatoribus
987 2617 1224 2686 imminentibus

97 2725 223 2806 agatur,
248 2721 391 2787 dubitari
413 2744 478 2789 non
499 2730 616 2806 potest.
654 2725 746 2790 Anno
769 2731 877 2790 autem
894 2726 955 2790 357
979 2723 1101 2806 prodiit
1121 2720 1225 2804 prima

97 2817 279 2887 constantii
306 2824 407 2907 lex²):
441 2825 623 2909 »Supplicio
653 2826 768 2908 capitis
797 2825 928 2889 ferietur
943 2873 951 2888 .
964 2873 971 2888 .
985 2873 1015 2890 ..
1045 2824 1224 2906 quicunque

96 2923 192 2988 iussis
204 2925 322 2990 nostris
335 2926 521 3013 obsequium
533 2927 769 3010 denegaverit«,
781 2926 816 2990 id
828 2932 891 2992 est:
909 2924 1080 2989 »Chaldaei
1093 2928 1125 2987 et
1137 2921 1224 3004 Magi

99 3030 133 3090 et
156 3027 275 3091 caeteri
298 3048 377 3110 quos
399 3027 562 3094 maleficos
584 3029 626 3093 ob
642 3028 818 3094 facinorum
841 3027 1091 3110 magnitudinem
1113 3025 1224 3105 vulgus

98 3127 273 3209 appellat«
297 3127 412 3193 Paucis
428 3129 520 3194 annis
533 3134 609 3213 post
631 3132 674 3212 (a.
690 3125 767 3213 371)
783 3129 842 3193 sub
858 3127 994 3194 Valente
1008 3126 1110 3210 magis
1126 3127 1224 3192 etiam

97 3229 219 3293 exarsit
247 3227 501 3294 Christianorum
529 3230 562 3293 in
592 3249 701 3313 magos
733 3231 793 3294 ira.
837 3229 979 3306 Quorum
1009 3228 1155 3294 domibus
1183 3228 1224 3292 si-

97 3333 215 3412 gnatis,
240 3349 348 3414 saepe,
372 3336 408 3395 ut
429 3332 528 3396 refert
543 3333 731 3395 Ammianus
746 3330 950 3396 Marcellinus
973 3331 1088 3395 XXIX.
1115 3336 1142 3409 1,
1165 3331 1224 3394 im-

99 3431 189 3496 missi
212 3437 287 3496 sunt
312 3434 383 3515 »qui
405 3434 490 3498 inter
512 3435 666 3498 scrutinia
688 3433 894 3516 supellectilis
913 3435 1025 3518 poenis
1040 3433 1163 3498 addicti
1177 3433 1223 3494 in·

99 3539 305 3598 cantamenta
320 3535 479 3619 quaedam
496 3536 594 3600 anilia
608 3536 658 3600 vel
673 3535 850 3601 ludibriosa
865 3536 1040 3600 subderent
1055 3535 1221 3612 amatoria,

98 3635 141 3699 ad
162 3637 335 3701 insontium
359 3638 531 3719 perniciem
554 3639 764 3717 concinnata;
791 3637 906 3721 quibus
935 3638 969 3700 in
997 3635 1115 3700 iudicio
1144 3635 1224 3699 reci·

97 3736 184 3815 tatis,
207 3736 263 3801 ubi
285 3758 349 3803 non
371 3739 433 3818 lex,
456 3761 520 3803 non
535 3740 657 3822 religio,
680 3760 744 3805 non
759 3738 904 3822 aequitas
918 3738 1086 3802 veritatem
1101 3757 1122 3800 a
1137 3757 1221 3801 men·

99 3837 198 3902 daciis
221 3838 407 3920 dirimebat,
438 3840 594 3906 indefensi
621 3842 713 3906 bonis
736 3841 869 3918 ablatis,
900 3839 987 3905 nullo
1009 3840 1148 3921 contacti
1171 3839 1223 3904 de-

164 4058 189 4124 2)
206 4057 270 4112 coo.
289 4059 390 4114 vueod.
409 4060 456 4113 1x.
483 4061 535 4114 vn.
554 4058 654 4128 xvvn,
672 4063 696 4113 s.
