<?xml version="1.0" encoding="UTF-8"?>
<!DOCTYPE html PUBLIC "-//W3C//DTD XHTML 1.0 Transitional//EN"
    "http://www.w3.org/TR/xhtml1/DTD/xhtml1-transitional.dtd">
<html xmlns="http://www.w3.org/1999/xhtml" xml:lang="en" lang="en">
 <head>
  <title>
</title>
<meta http-equiv="Content-Type" content="text/html;charset=utf-8" />
  <meta name='ocr-system' content='tesseract 3.04.00' />
  <meta name='ocr-capabilities' content='ocr_page ocr_carea ocr_par ocr_line ocrx_word'/>
</head>
<body>
  <div class='ocr_page' id='page_1' title='image "./orpheilithica00orphgoog_0151.png"; bbox 0 0 2866 4620; ppageno 0'>
   <div class='ocr_carea' id='block_1_1' title="bbox 645 300 881 363">
    <p class='ocr_par' dir='ltr' id='par_1_1' title="bbox 645 300 881 363">
     <span class='ocr_line' id='line_1_1' title="bbox 645 300 881 363; baseline 0 0"><span class='ocrx_word' id='word_1_1' title='bbox 645 300 881 363; x_wconf 78' lang='lat'>-142-</span> 
     </span>
    </p>
   </div>
   <div class='ocr_carea' id='block_1_2' title="bbox 151 480 1331 2336">
    <p class='ocr_par' dir='ltr' id='par_1_2' title="bbox 203 480 1331 904">
     <span class='ocr_line' id='line_1_2' title="bbox 205 480 1330 572; baseline 0.001 -23"><span class='ocrx_word' id='word_1_2' title='bbox 205 488 309 549; x_wconf 83' lang='grc' dir='ltr'><em>πᾶσαν</em></span> <span class='ocrx_word' id='word_1_3' title='bbox 333 480 463 569; x_wconf 81' lang='grc' dir='ltr'><em>φόυρὰν</em></span> <span class='ocrx_word' id='word_1_4' title='bbox 486 485 558 547; x_wconf 82' lang='grc' dir='ltr'><em>ὅσαι</em></span> <span class='ocrx_word' id='word_1_5' title='bbox 580 484 718 566; x_wconf 88' lang='grc' dir='ltr'><em>γίνονται·</em></span> <span class='ocrx_word' id='word_1_6' title='bbox 734 483 803 548; x_wconf 87' lang='grc' dir='ltr'><em>κατ’</em></span> <span class='ocrx_word' id='word_1_7' title='bbox 832 483 967 569; x_wconf 82' lang='grc' dir='ltr'><em>ἀγρούς·</em></span> <span class='ocrx_word' id='word_1_8' title='bbox 996 483 1076 548; x_wconf 78' lang='grc' dir='ltr'><em>ἀλλὰ</em></span> <span class='ocrx_word' id='word_1_9' title='bbox 1097 486 1155 566; x_wconf 87' lang='grc' dir='ltr'><em>καί,</em></span> <span class='ocrx_word' id='word_1_10' title='bbox 1178 487 1289 572; x_wconf 82' lang='grc' dir='ltr'><em>ὥσπερ</em></span> <span class='ocrx_word' id='word_1_11' title='bbox 1312 489 1330 550; x_wconf 95' lang='grc' dir='ltr'><em>ό</em></span> 
     </span>
     <span class='ocr_line' id='line_1_3' title="bbox 205 591 1331 684; baseline 0.004 -26"><span class='ocrx_word' id='word_1_12' title='bbox 205 595 406 682; x_wconf 86' lang='grc' dir='ltr'><em>κρύσταλλος,</em></span> <span class='ocrx_word' id='word_1_13' title='bbox 428 595 477 657; x_wconf 81' lang='grc' dir='ltr'><em>καὶ</em></span> <span class='ocrx_word' id='word_1_14' title='bbox 500 594 593 656; x_wconf 76' lang='grc' dir='ltr'><em>αὐτόν</em></span> <span class='ocrx_word' id='word_1_15' title='bbox 616 594 690 657; x_wconf 81' lang='grc' dir='ltr'><em>ἄνευ</em></span> <span class='ocrx_word' id='word_1_16' title='bbox 715 591 815 678; x_wconf 85' lang='grc' dir='ltr'><em>πυρὸς</em></span> <span class='ocrx_word' id='word_1_17' title='bbox 831 595 934 681; x_wconf 99' lang='grc' dir='ltr'><em>φλόγα</em></span> <span class='ocrx_word' id='word_1_18' title='bbox 956 595 1103 678; x_wconf 81' lang='grc' dir='ltr'><strong><em>πέμπειν·</em></strong></span> <span class='ocrx_word' id='word_1_19' title='bbox 1126 594 1205 684; x_wconf 82' lang='grc' dir='ltr'><em>ἔχειν</em></span> <span class='ocrx_word' id='word_1_20' title='bbox 1224 596 1259 660; x_wconf 77' lang='grc' dir='ltr'><em>δὲ</em></span> <span class='ocrx_word' id='word_1_21' title='bbox 1282 601 1331 662; x_wconf 76' lang='grc' dir='ltr'><em>καὶ</em></span> 
     </span>
     <span class='ocr_line' id='line_1_4' title="bbox 204 701 1331 793; baseline 0.001 -24"><span class='ocrx_word' id='word_1_22' title='bbox 204 704 345 780; x_wconf 76' lang='grc' dir='ltr'><em>ἐναντίας</em></span> <span class='ocrx_word' id='word_1_23' title='bbox 367 703 527 788; x_wconf 86' lang='grc' dir='ltr'><em>δυνάμεις·</em></span> <span class='ocrx_word' id='word_1_24' title='bbox 558 704 776 788; x_wconf 86' lang='grc' dir='ltr'><em>παφλάζοντυς</em></span> <span class='ocrx_word' id='word_1_25' title='bbox 800 701 945 792; x_wconf 81' lang='grc' dir='ltr'><em>μὲνγὰρ</em></span> <span class='ocrx_word' id='word_1_26' title='bbox 969 708 1021 768; x_wconf 86' lang='grc' dir='ltr'><em>τοῦ</em></span> <span class='ocrx_word' id='word_1_27' title='bbox 1049 704 1184 792; x_wconf 81' lang='grc' dir='ltr'><em>λέβητος</em></span> <span class='ocrx_word' id='word_1_28' title='bbox 1211 704 1331 793; x_wconf 85' lang='grc' dir='ltr'><em>ε’πιρρι-</em></span> 
     </span>
     <span class='ocr_line' id='line_1_5' title="bbox 203 813 1326 904; baseline 0.001 -25"><span class='ocrx_word' id='word_1_29' title='bbox 203 815 375 899; x_wconf 85' lang='grc' dir='ltr'><em>πτυόμενον</em></span> <span class='ocrx_word' id='word_1_30' title='bbox 391 814 477 898; x_wconf 71' lang='grc' dir='ltr'><em>αὐτῷ</em></span> <span class='ocrx_word' id='word_1_31' title='bbox 490 813 690 900; x_wconf 87' lang='grc' dir='ltr'><em>ὑποχλιαίνειν</em></span> <span class='ocrx_word' id='word_1_32' title='bbox 706 814 814 878; x_wconf 73' lang='grc' dir='ltr'><em>αὐτόν·</em></span> <span class='ocrx_word' id='word_1_33' title='bbox 836 814 1010 877; x_wconf 67' lang='grc' dir='ltr'><em>τούναντίον</em></span> <span class='ocrx_word' id='word_1_34' title='bbox 1026 814 1062 877; x_wconf 82' lang='grc' dir='ltr'><em>δὲ</em></span> <span class='ocrx_word' id='word_1_35' title='bbox 1078 819 1199 903; x_wconf 75' lang='grc' dir='ltr'><em>ψυχροῦ</em></span> <span class='ocrx_word' id='word_1_36' title='bbox 1218 814 1326 904; x_wconf 81' lang='grc' dir='ltr'><em>τυγχά-</em></span> 
     </span>
    </p>

    <p class='ocr_par' dir='ltr' id='par_1_3' title="bbox 169 924 1329 1120">
     <span class='ocr_line' id='line_1_6' title="bbox 169 924 1329 1017; baseline 0.003 -29"><span class='ocrx_word' id='word_1_37' title='bbox 169 949 310 1003; x_wconf 70' lang='grc' dir='ltr'><em>5νυντος</em></span> <span class='ocrx_word' id='word_1_38' title='bbox 340 925 509 1011; x_wconf 76' lang='grc' dir='ltr'><em>ταχύτερον</em></span> <span class='ocrx_word' id='word_1_39' title='bbox 537 927 644 988; x_wconf 86' lang='grc' dir='ltr'><em>τοῦτον</em></span> <span class='ocrx_word' id='word_1_40' title='bbox 675 925 925 1017; x_wconf 72' lang='grc' dir='ltr'><em>παρασκευάζειν</em></span> <span class='ocrx_word' id='word_1_41' title='bbox 959 924 1039 999; x_wconf 80' lang='grc' dir='ltr'><em>ζέειν</em></span> <span class='ocrx_word' id='word_1_42' title='bbox 1069 949 1102 989; x_wconf 89' lang='grc' dir='ltr'><em>τε</em></span> <span class='ocrx_word' id='word_1_43' title='bbox 1131 926 1179 990; x_wconf 81' lang='grc' dir='ltr'><em>καὶ</em></span> <span class='ocrx_word' id='word_1_44' title='bbox 1210 927 1329 992; x_wconf 76' lang='grc' dir='ltr'><em>ἀναπιτ-</em></span> 
     </span>
     <span class='ocr_line' id='line_1_7' title="bbox 203 1034 341 1120; baseline -0.007 -22"><span class='ocrx_word' id='word_1_45' title='bbox 203 1034 341 1120; x_wconf 86' lang='grc' dir='ltr'><em>φλάζειν.</em></span> 
     </span>
    </p>

    <p class='ocr_par' dir='ltr' id='par_1_4' title="bbox 201 1145 1330 1453">
     <span class='ocr_line' id='line_1_8' title="bbox 286 1145 1330 1231; baseline 0.004 -22"><span class='ocrx_word' id='word_1_46' title='bbox 286 1145 403 1222; x_wconf 82' lang='grc' dir='ltr'><em>Λίδος</em></span> <span class='ocrx_word' id='word_1_47' title='bbox 425 1145 622 1224; x_wconf 86' lang='grc' dir='ltr'><em>τοπάζιος,</em></span> <span class='ocrx_word' id='word_1_48' title='bbox 646 1147 728 1209; x_wconf 82' lang='grc' dir='ltr'><em>όκαλ</em></span> <span class='ocrx_word' id='word_1_49' title='bbox 744 1145 877 1220; x_wconf 88' lang='grc' dir='ltr'><em>τόπαζος</em></span> <span class='ocrx_word' id='word_1_50' title='bbox 893 1146 1092 1231; x_wconf 82' lang='grc' dir='ltr'><em>καλούμενος.</em></span> <span class='ocrx_word' id='word_1_51' title='bbox 1116 1146 1208 1222; x_wconf 82' lang='grc' dir='ltr'><em>οὗτος</em></span> <span class='ocrx_word' id='word_1_52' title='bbox 1233 1149 1330 1230; x_wconf 82' lang='grc' dir='ltr'><em>τίμιός</em></span> 
     </span>
     <span class='ocr_line' id='line_1_9' title="bbox 201 1254 1328 1341; baseline 0.003 -20"><span class='ocrx_word' id='word_1_53' title='bbox 201 1255 268 1321; x_wconf 79' lang='grc' dir='ltr'><em>ἔστι</em></span> <span class='ocrx_word' id='word_1_54' title='bbox 290 1258 338 1320; x_wconf 78' lang='grc' dir='ltr'><em>καί</em></span> <span class='ocrx_word' id='word_1_55' title='bbox 361 1255 526 1339; x_wconf 86' lang='grc' dir='ltr'><em>πολύτιμος</em></span> <span class='ocrx_word' id='word_1_56' title='bbox 548 1256 599 1318; x_wconf 84' lang='grc' dir='ltr'><em>διὰ</em></span> <span class='ocrx_word' id='word_1_57' title='bbox 622 1258 655 1318; x_wconf 88' lang='grc' dir='ltr'><em>τὸ</em></span> <span class='ocrx_word' id='word_1_58' title='bbox 680 1254 817 1332; x_wconf 84' lang='grc' dir='ltr'><em>σπανίως</em></span> <span class='ocrx_word' id='word_1_59' title='bbox 838 1255 1050 1341; x_wconf 67' lang='grc' dir='ltr'><em>εὑρίσκεσθαι.</em></span> <span class='ocrx_word' id='word_1_60' title='bbox 1074 1261 1218 1338; x_wconf 74' lang='grc' dir='ltr'><em>γεννᾶται</em></span> <span class='ocrx_word' id='word_1_61' title='bbox 1235 1258 1271 1322; x_wconf 82' lang='grc' dir='ltr'><em>δὲ</em></span> <span class='ocrx_word' id='word_1_62' title='bbox 1293 1258 1328 1324; x_wconf 77' lang='grc' dir='ltr'><em>ἐν</em></span> 
     </span>
     <span class='ocr_line' id='line_1_10' title="bbox 204 1365 1327 1453; baseline 0.001 -23"><span class='ocrx_word' id='word_1_63' title='bbox 204 1370 239 1453; x_wconf 78' lang='grc' dir='ltr'><em>τῇ</em></span> <span class='ocrx_word' id='word_1_64' title='bbox 260 1365 378 1453; x_wconf 71' lang='grc' dir='ltr'><em>Ἰνδικῇ·</em></span> <span class='ocrx_word' id='word_1_65' title='bbox 401 1367 507 1448; x_wconf 81' lang='grc' dir='ltr'><em>ὅμοιος</em></span> <span class='ocrx_word' id='word_1_66' title='bbox 529 1366 564 1429; x_wconf 81' lang='grc' dir='ltr'><em>δὲ</em></span> <span class='ocrx_word' id='word_1_67' title='bbox 587 1365 655 1430; x_wconf 80' lang='grc' dir='ltr'><em>ε’στι</em></span> <span class='ocrx_word' id='word_1_68' title='bbox 677 1369 722 1451; x_wconf 81' lang='grc' dir='ltr'><em>τῷ</em></span> <span class='ocrx_word' id='word_1_69' title='bbox 744 1365 946 1451; x_wconf 87' lang='grc' dir='ltr'><em>κρυστάλλῳ·</em></span> <span class='ocrx_word' id='word_1_70' title='bbox 977 1366 1110 1450; x_wconf 78' lang='grc' dir='ltr'><em>ἔξαυγος</em></span> <span class='ocrx_word' id='word_1_71' title='bbox 1132 1367 1216 1434; x_wconf 81' lang='grc' dir='ltr'><em>καδδι</em></span> <span class='ocrx_word' id='word_1_72' title='bbox 1238 1371 1288 1433; x_wconf 77' lang='grc' dir='ltr'><em>καὶ</em></span> <span class='ocrx_word' id='word_1_73' title='bbox 1310 1370 1327 1431; x_wconf 90' lang='grc' dir='ltr'><em>ό</em></span> 
     </span>
    </p>

    <p class='ocr_par' dir='ltr' id='par_1_5' title="bbox 153 1474 1328 2008">
     <span class='ocr_line' id='line_1_11' title="bbox 153 1474 1328 1565; baseline 0.006 -28"><span class='ocrx_word' id='word_1_74' title='bbox 153 1499 184 1551; x_wconf 86' lang='lat'><em>10</em></span> <span class='ocrx_word' id='word_1_75' title='bbox 202 1476 401 1559; x_wconf 82' lang='grc' dir='ltr'><em>κρύσταλλος.</em></span> <span class='ocrx_word' id='word_1_76' title='bbox 431 1476 448 1536; x_wconf 91' lang='grc' dir='ltr'><em>ό</em></span> <span class='ocrx_word' id='word_1_77' title='bbox 475 1476 581 1558; x_wconf 85' lang='grc' dir='ltr'><em>μέντοι</em></span> <span class='ocrx_word' id='word_1_78' title='bbox 612 1476 757 1550; x_wconf 88' lang='grc' dir='ltr'><em>τοπάζιός</em></span> <span class='ocrx_word' id='word_1_79' title='bbox 787 1476 852 1539; x_wconf 84' lang='grc' dir='ltr'><em>ἐστι</em></span> <span class='ocrx_word' id='word_1_80' title='bbox 878 1474 1022 1565; x_wconf 82' lang='grc' dir='ltr'><em>χλωρός,</em></span> <span class='ocrx_word' id='word_1_81' title='bbox 1055 1478 1092 1540; x_wconf 69' lang='grc' dir='ltr'><em>οὗ</em></span> <span class='ocrx_word' id='word_1_82' title='bbox 1123 1478 1193 1541; x_wconf 87' lang='grc' dir='ltr'><em>λίαν</em></span> <span class='ocrx_word' id='word_1_83' title='bbox 1217 1477 1328 1555; x_wconf 80' lang='grc' dir='ltr'><em>εὐικδνς</em></span> 
     </span>
     <span class='ocr_line' id='line_1_12' title="bbox 202 1585 1328 1674; baseline 0.004 -25"><span class='ocrx_word' id='word_1_84' title='bbox 202 1587 332 1650; x_wconf 85' lang='grc' dir='ltr'><em>σεότλυυ</em></span> <span class='ocrx_word' id='word_1_85' title='bbox 350 1588 463 1672; x_wconf 86' lang='grc' dir='ltr'><em>χροιᾷ,</em></span> <span class='ocrx_word' id='word_1_86' title='bbox 493 1585 657 1669; x_wconf 76' lang='grc' dir='ltr'><em>στιβαρός,</em></span> <span class='ocrx_word' id='word_1_87' title='bbox 682 1586 809 1665; x_wconf 88' lang='grc' dir='ltr'><em>πυκνός,</em></span> <span class='ocrx_word' id='word_1_88' title='bbox 838 1586 977 1674; x_wconf 72' lang='grc' dir='ltr'><em>διαυγής.</em></span> <span class='ocrx_word' id='word_1_89' title='bbox 1002 1585 1094 1662; x_wconf 77' lang='grc' dir='ltr'><em>οὗτός</em></span> <span class='ocrx_word' id='word_1_90' title='bbox 1121 1586 1206 1653; x_wconf 84' lang='grc' dir='ltr'><em>ε’στιν</em></span> <span class='ocrx_word' id='word_1_91' title='bbox 1229 1592 1246 1650; x_wconf 86' lang='grc' dir='ltr'><em>ό</em></span> <span class='ocrx_word' id='word_1_92' title='bbox 1269 1586 1328 1673; x_wconf 82' lang='grc' dir='ltr'><em>άρ·</em></span> 
     </span>
     <span class='ocr_line' id='line_1_13' title="bbox 203 1692 1328 1786; baseline 0.004 -26"><span class='ocrx_word' id='word_1_93' title='bbox 203 1720 277 1786; x_wconf 87' lang='grc' dir='ltr'><em>σην·</em></span> <span class='ocrx_word' id='word_1_94' title='bbox 302 1700 318 1759; x_wconf 91' lang='grc' dir='ltr'><em>ό</em></span> <span class='ocrx_word' id='word_1_95' title='bbox 342 1696 378 1760; x_wconf 82' lang='grc' dir='ltr'><em>δὲ</em></span> <span class='ocrx_word' id='word_1_96' title='bbox 400 1695 535 1783; x_wconf 81' lang='grc' dir='ltr'><em>δηλυκδς</em></span> <span class='ocrx_word' id='word_1_97' title='bbox 558 1695 776 1782; x_wconf 80' lang='grc' dir='ltr'><em>ἐλαφρότερος</em></span> <span class='ocrx_word' id='word_1_98' title='bbox 799 1695 855 1769; x_wconf 89' lang='grc' dir='ltr'><em>τάς</em></span> <span class='ocrx_word' id='word_1_99' title='bbox 877 1718 911 1759; x_wconf 91' lang='grc' dir='ltr'><em>τε</em></span> <span class='ocrx_word' id='word_1_100' title='bbox 926 1692 1050 1771; x_wconf 80' lang='grc' dir='ltr'><em>ἀκτῖνας</em></span> <span class='ocrx_word' id='word_1_101' title='bbox 1064 1699 1143 1784; x_wconf 86' lang='grc' dir='ltr'><em>πρὸς</em></span> <span class='ocrx_word' id='word_1_102' title='bbox 1159 1700 1213 1775; x_wconf 82' lang='grc' dir='ltr'><em>τὰς</em></span> <span class='ocrx_word' id='word_1_103' title='bbox 1227 1697 1328 1782; x_wconf 78' lang='grc' dir='ltr'><em>αὐγὰς</em></span> 
     </span>
     <span class='ocr_line' id='line_1_14' title="bbox 201 1802 1327 1896; baseline 0.001 -22"><span class='ocrx_word' id='word_1_104' title='bbox 201 1813 254 1874; x_wconf 85' lang='grc' dir='ltr'><em>τοῦ</em></span> <span class='ocrx_word' id='word_1_105' title='bbox 277 1809 363 1896; x_wconf 77' lang='grc' dir='ltr'><em>ηλίου</em></span> <span class='ocrx_word' id='word_1_106' title='bbox 386 1805 545 1896; x_wconf 79' lang='grc' dir='ltr'><em>ηδυτέρας</em></span> <span class='ocrx_word' id='word_1_107' title='bbox 565 1805 676 1888; x_wconf 81' lang='grc' dir='ltr'><em>βάλλει</em></span> <span class='ocrx_word' id='word_1_108' title='bbox 699 1807 784 1891; x_wconf 83' lang='grc' dir='ltr'><em>παρὰ</em></span> <span class='ocrx_word' id='word_1_109' title='bbox 816 1802 870 1869; x_wconf 87' lang='grc' dir='ltr'><em>τὸν</em></span> <span class='ocrx_word' id='word_1_110' title='bbox 898 1803 1031 1889; x_wconf 81' lang='grc' dir='ltr'><em>ἄρσενα.</em></span> <span class='ocrx_word' id='word_1_111' title='bbox 1059 1807 1111 1876; x_wconf 77' lang='grc' dir='ltr'><em>ἐπὶ</em></span> <span class='ocrx_word' id='word_1_112' title='bbox 1137 1805 1264 1874; x_wconf 83' lang='grc' dir='ltr'><em>πάντων</em></span> <span class='ocrx_word' id='word_1_113' title='bbox 1292 1811 1327 1876; x_wconf 84' lang='grc' dir='ltr'><em>δὲ</em></span> 
     </span>
     <span class='ocr_line' id='line_1_15' title="bbox 201 1915 1328 2008; baseline 0.001 -24"><span class='ocrx_word' id='word_1_114' title='bbox 201 1920 339 1986; x_wconf 85' lang='grc' dir='ltr'><em>καδόλου</em></span> <span class='ocrx_word' id='word_1_115' title='bbox 361 1919 407 1996; x_wconf 86' lang='grc' dir='ltr'><em>εἷς</em></span> <span class='ocrx_word' id='word_1_116' title='bbox 429 1921 446 1980; x_wconf 92' lang='grc' dir='ltr'><em>ό</em></span> <span class='ocrx_word' id='word_1_117' title='bbox 471 1919 586 1991; x_wconf 83' lang='grc' dir='ltr'><em>σκοπὸς</em></span> <span class='ocrx_word' id='word_1_118' title='bbox 609 1915 768 2004; x_wconf 88' lang='grc' dir='ltr'><em>πρόκειται</em></span> <span class='ocrx_word' id='word_1_119' title='bbox 791 1920 853 1981; x_wconf 85' lang='grc' dir='ltr'><em>τῶν</em></span> <span class='ocrx_word' id='word_1_120' title='bbox 876 1939 909 1980; x_wconf 88' lang='grc' dir='ltr'><em>τε</em></span> <span class='ocrx_word' id='word_1_121' title='bbox 923 1915 1099 1998; x_wconf 82' lang='grc' dir='ltr'><em>άρσενικιῦν</em></span> <span class='ocrx_word' id='word_1_122' title='bbox 1119 1921 1168 1982; x_wconf 75' lang='grc' dir='ltr'><em>καὶ</em></span> <span class='ocrx_word' id='word_1_123' title='bbox 1190 1925 1253 1985; x_wconf 84' lang='grc' dir='ltr'><em>τῶν</em></span> <span class='ocrx_word' id='word_1_124' title='bbox 1270 1920 1328 2008; x_wconf 67' lang='grc' dir='ltr'><em>δη-</em></span> 
     </span>
    </p>

    <p class='ocr_par' dir='ltr' id='par_1_6' title="bbox 151 2021 1327 2336">
     <span class='ocr_line' id='line_1_16' title="bbox 151 2021 1326 2112; baseline 0 -17"><span class='ocrx_word' id='word_1_125' title='bbox 151 2049 182 2100; x_wconf 82' lang='lat'><em>15</em></span> <span class='ocrx_word' id='word_1_126' title='bbox 201 2033 300 2095; x_wconf 87' lang='grc' dir='ltr'><em>λυκιῦν</em></span> <span class='ocrx_word' id='word_1_127' title='bbox 322 2030 428 2095; x_wconf 84' lang='grc' dir='ltr'><em>λίδιον.</em></span> <span class='ocrx_word' id='word_1_128' title='bbox 452 2028 526 2093; x_wconf 86' lang='grc' dir='ltr'><em>δέον</em></span> <span class='ocrx_word' id='word_1_129' title='bbox 548 2026 603 2090; x_wconf 86' lang='grc' dir='ltr'><em>οῦν</em></span> <span class='ocrx_word' id='word_1_130' title='bbox 625 2031 688 2100; x_wconf 83' lang='grc' dir='ltr'><em>τοῖς</em></span> <span class='ocrx_word' id='word_1_131' title='bbox 708 2026 766 2110; x_wconf 85' lang='grc' dir='ltr'><em>μὲν</em></span> <span class='ocrx_word' id='word_1_132' title='bbox 788 2021 903 2108; x_wconf 85' lang='grc' dir='ltr'><em>άρσεσι</em></span> <span class='ocrx_word' id='word_1_133' title='bbox 926 2023 979 2090; x_wconf 86' lang='grc' dir='ltr'><em>τὸν</em></span> <span class='ocrx_word' id='word_1_134' title='bbox 1002 2025 1172 2112; x_wconf 79' lang='grc' dir='ltr'><em>ἀρσενικὸν</em></span> <span class='ocrx_word' id='word_1_135' title='bbox 1195 2029 1326 2110; x_wconf 86' lang='grc' dir='ltr'><em>διδόναι,</em></span> 
     </span>
     <span class='ocr_line' id='line_1_17' title="bbox 200 2132 1326 2227; baseline 0.001 -22"><span class='ocrx_word' id='word_1_136' title='bbox 200 2147 265 2216; x_wconf 79' lang='grc' dir='ltr'><em>ταῖς</em></span> <span class='ocrx_word' id='word_1_137' title='bbox 292 2141 328 2204; x_wconf 79' lang='grc' dir='ltr'><em>δὲ</em></span> <span class='ocrx_word' id='word_1_138' title='bbox 357 2139 496 2227; x_wconf 79' lang='grc' dir='ltr'><em>δηλείιιις</em></span> <span class='ocrx_word' id='word_1_139' title='bbox 525 2137 597 2212; x_wconf 82' lang='grc' dir='ltr'><em>τοὺς</em></span> <span class='ocrx_word' id='word_1_140' title='bbox 623 2132 788 2223; x_wconf 82' lang='grc' dir='ltr'><em>όηλυκοός.</em></span> <span class='ocrx_word' id='word_1_141' title='bbox 818 2135 926 2218; x_wconf 81' lang='grc' dir='ltr'><em>λαβὼν</em></span> <span class='ocrx_word' id='word_1_142' title='bbox 955 2134 1011 2200; x_wconf 80' lang='grc' dir='ltr'><em>οὖν</em></span> <span class='ocrx_word' id='word_1_143' title='bbox 1040 2133 1094 2202; x_wconf 84' lang='grc' dir='ltr'><em>τὸν</em></span> <span class='ocrx_word' id='word_1_144' title='bbox 1124 2140 1326 2225; x_wconf 81' lang='grc' dir='ltr'><em>προκείμενον</em></span> 
     </span>
     <span class='ocr_line' id='line_1_18' title="bbox 198 2244 1327 2336; baseline 0.002 -22"><span class='ocrx_word' id='word_1_145' title='bbox 198 2250 284 2314; x_wconf 82' lang='grc' dir='ltr'><em>λίδον</em></span> <span class='ocrx_word' id='word_1_146' title='bbox 306 2248 503 2336; x_wconf 84' lang='grc' dir='ltr'><em>ε’πιχάρασσε</em></span> <span class='ocrx_word' id='word_1_147' title='bbox 526 2245 616 2330; x_wconf 80' lang='grc' dir='ltr'><em>αὐτῷ</em></span> <span class='ocrx_word' id='word_1_148' title='bbox 639 2244 823 2308; x_wconf 79' lang='grc' dir='ltr'><em>Ποσειδῶνα</em></span> <span class='ocrx_word' id='word_1_149' title='bbox 852 2244 887 2309; x_wconf 83' lang='grc' dir='ltr'><em>ἐν</em></span> <span class='ocrx_word' id='word_1_150' title='bbox 917 2247 1032 2331; x_wconf 83' lang='grc' dir='ltr'><em>ἅρματι</em></span> <span class='ocrx_word' id='word_1_151' title='bbox 1062 2250 1177 2335; x_wconf 76' lang='grc' dir='ltr'><em>ίππικῷ</em></span> <span class='ocrx_word' id='word_1_152' title='bbox 1203 2251 1327 2316; x_wconf 81' lang='grc' dir='ltr'><em>ἑστῶτα</em></span> 
     </span>
    </p>
   </div>
   <div class='ocr_carea' id='block_1_3' title="bbox 146 2352 1328 3109">
    <p class='ocr_par' dir='ltr' id='par_1_7' title="bbox 146 2352 1328 3109">
     <span class='ocr_line' id='line_1_19' title="bbox 200 2352 1327 2450; baseline 0.005 -27"><span class='ocrx_word' id='word_1_153' title='bbox 200 2362 250 2424; x_wconf 79' lang='grc' dir='ltr'><em>καὶ</em></span> <span class='ocrx_word' id='word_1_154' title='bbox 271 2364 308 2446; x_wconf 80' lang='grc' dir='ltr'><em>τῇ</em></span> <span class='ocrx_word' id='word_1_155' title='bbox 328 2361 386 2443; x_wconf 82' lang='grc' dir='ltr'><em>μὲν</em></span> <span class='ocrx_word' id='word_1_156' title='bbox 401 2356 554 2443; x_wconf 85' lang='grc' dir='ltr'><em>εῦιονόμφ</em></span> <span class='ocrx_word' id='word_1_157' title='bbox 574 2352 631 2431; x_wconf 84' lang='grc' dir='ltr'><em>τὰς</em></span> <span class='ocrx_word' id='word_1_158' title='bbox 645 2353 731 2444; x_wconf 76' lang='grc' dir='ltr'><em>ὴνίας</em></span> <span class='ocrx_word' id='word_1_159' title='bbox 752 2360 996 2443; x_wconf 86' lang='grc' dir='ltr'><em>κρατοῦντατσῦ</em></span> <span class='ocrx_word' id='word_1_160' title='bbox 1012 2361 1166 2446; x_wconf 84' lang='grc' dir='ltr'><em>ἅρματος·</em></span> <span class='ocrx_word' id='word_1_161' title='bbox 1184 2365 1222 2449; x_wconf 84' lang='grc' dir='ltr'><em>τῇ</em></span> <span class='ocrx_word' id='word_1_162' title='bbox 1237 2361 1327 2450; x_wconf 76' lang='grc' dir='ltr'><em>δεξιᾷ</em></span> 
     </span>
     <span class='ocr_line' id='line_1_20' title="bbox 199 2465 1326 2558; baseline 0.003 -23"><span class='ocrx_word' id='word_1_163' title='bbox 199 2471 234 2535; x_wconf 82' lang='grc' dir='ltr'><em>δὲ</em></span> <span class='ocrx_word' id='word_1_164' title='bbox 257 2467 428 2558; x_wconf 82' lang='grc' dir='ltr'><em>ἀστάχυας.</em></span> <span class='ocrx_word' id='word_1_165' title='bbox 453 2468 535 2533; x_wconf 83' lang='grc' dir='ltr'><em>ἔστω</em></span> <span class='ocrx_word' id='word_1_166' title='bbox 558 2469 594 2533; x_wconf 86' lang='grc' dir='ltr'><em>δὲ</em></span> <span class='ocrx_word' id='word_1_167' title='bbox 616 2467 669 2533; x_wconf 84' lang='grc' dir='ltr'><em>ἐπ’</em></span> <span class='ocrx_word' id='word_1_168' title='bbox 692 2469 778 2554; x_wconf 69' lang='grc' dir='ltr'><em>αὐτῷ</em></span> <span class='ocrx_word' id='word_1_169' title='bbox 804 2471 853 2534; x_wconf 81' lang='grc' dir='ltr'><em>καὶ</em></span> <span class='ocrx_word' id='word_1_170' title='bbox 874 2465 894 2556; x_wconf 76' lang='grc' dir='ltr'><em>λη</em></span> <span class='ocrx_word' id='word_1_171' title='bbox 912 2468 1094 2557; x_wconf 76' lang='grc' dir='ltr'><em>Ἀμφιτρίτη.</em></span> <span class='ocrx_word' id='word_1_172' title='bbox 1124 2469 1218 2547; x_wconf 78' lang='grc' dir='ltr'><em>οὗτος</em></span> <span class='ocrx_word' id='word_1_173' title='bbox 1245 2473 1326 2538; x_wconf 84' lang='grc' dir='ltr'><em>τελε-</em></span> 
     </span>
     <span class='ocr_line' id='line_1_21' title="bbox 146 2575 1328 2670; baseline -0.002 -21"><span class='ocrx_word' id='word_1_174' title='bbox 146 2599 181 2649; x_wconf 76' lang='lat'><em>20</em></span> <span class='ocrx_word' id='word_1_175' title='bbox 198 2583 286 2657; x_wconf 80' lang='grc' dir='ltr'><em>σδείς</em></span> <span class='ocrx_word' id='word_1_176' title='bbox 305 2584 353 2646; x_wconf 79' lang='grc' dir='ltr'><em>καὶ</em></span> <span class='ocrx_word' id='word_1_177' title='bbox 368 2582 568 2666; x_wconf 75' lang='grc' dir='ltr'><em>φορούμενος</em></span> <span class='ocrx_word' id='word_1_178' title='bbox 583 2581 696 2668; x_wconf 73' lang='grc' dir='ltr'><em>πολλὴν</em></span> <span class='ocrx_word' id='word_1_179' title='bbox 717 2575 844 2666; x_wconf 84' lang='grc' dir='ltr'><em>ἀγάπην</em></span> <span class='ocrx_word' id='word_1_180' title='bbox 861 2585 1062 2666; x_wconf 83' lang='grc' dir='ltr'><em>περιποιεῖται</em></span> <span class='ocrx_word' id='word_1_181' title='bbox 1078 2583 1141 2655; x_wconf 76' lang='grc' dir='ltr'><em>τοῖς</em></span> <span class='ocrx_word' id='word_1_182' title='bbox 1156 2580 1262 2670; x_wconf 84' lang='grc' dir='ltr'><em>ἔχουσι</em></span> <span class='ocrx_word' id='word_1_183' title='bbox 1279 2585 1328 2647; x_wconf 83' lang='grc' dir='ltr'><em>καλ</em></span> 
     </span>
     <span class='ocr_line' id='line_1_22' title="bbox 197 2687 1325 2778; baseline 0.001 -22"><span class='ocrx_word' id='word_1_184' title='bbox 197 2694 317 2756; x_wconf 79' lang='grc' dir='ltr'><em>πολλῶν</em></span> <span class='ocrx_word' id='word_1_185' title='bbox 341 2691 474 2773; x_wconf 82' lang='grc' dir='ltr'><em>άγαόιῦν</em></span> <span class='ocrx_word' id='word_1_186' title='bbox 498 2690 596 2778; x_wconf 79' lang='grc' dir='ltr'><em>δοτὴρ</em></span> <span class='ocrx_word' id='word_1_187' title='bbox 620 2690 741 2771; x_wconf 85' lang='grc' dir='ltr'><em>γίνεται.</em></span> <span class='ocrx_word' id='word_1_188' title='bbox 766 2687 809 2753; x_wconf 80' lang='grc' dir='ltr'><em>ἔτι</em></span> <span class='ocrx_word' id='word_1_189' title='bbox 831 2689 867 2754; x_wconf 85' lang='grc' dir='ltr'><em>δὲ</em></span> <span class='ocrx_word' id='word_1_190' title='bbox 890 2692 939 2754; x_wconf 83' lang='grc' dir='ltr'><em>καλ</em></span> <span class='ocrx_word' id='word_1_191' title='bbox 961 2690 1038 2754; x_wconf 86' lang='grc' dir='ltr'><em>κατὰ</em></span> <span class='ocrx_word' id='word_1_192' title='bbox 1058 2687 1229 2757; x_wconf 83' lang='grc' dir='ltr'><em>δάλασσαν</em></span> <span class='ocrx_word' id='word_1_193' title='bbox 1244 2691 1325 2759; x_wconf 86' lang='grc' dir='ltr'><em>άκίν-</em></span> 
     </span>
     <span class='ocr_line' id='line_1_23' title="bbox 198 2797 1324 2888; baseline 0 -23"><span class='ocrx_word' id='word_1_194' title='bbox 198 2803 290 2866; x_wconf 92' lang='grc' dir='ltr'><em>δυνον</em></span> <span class='ocrx_word' id='word_1_195' title='bbox 313 2800 362 2866; x_wconf 88' lang='grc' dir='ltr'><em>τὸν</em></span> <span class='ocrx_word' id='word_1_196' title='bbox 386 2805 547 2887; x_wconf 85' lang='grc' dir='ltr'><em>φοροῦντα</em></span> <span class='ocrx_word' id='word_1_197' title='bbox 570 2799 719 2885; x_wconf 80' lang='grc' dir='ltr'><em>διατηρεῖ,</em></span> <span class='ocrx_word' id='word_1_198' title='bbox 744 2801 793 2862; x_wconf 80' lang='grc' dir='ltr'><em>καὶ</em></span> <span class='ocrx_word' id='word_1_199' title='bbox 815 2797 913 2886; x_wconf 83' lang='grc' dir='ltr'><em>κέρδη</em></span> <span class='ocrx_word' id='word_1_200' title='bbox 933 2798 1058 2885; x_wconf 85' lang='grc' dir='ltr'><em>μεγάλα</em></span> <span class='ocrx_word' id='word_1_201' title='bbox 1078 2798 1129 2866; x_wconf 84' lang='grc' dir='ltr'><em>διὰ</em></span> <span class='ocrx_word' id='word_1_202' title='bbox 1150 2798 1208 2880; x_wconf 84' lang='grc' dir='ltr'><em>τὰς</em></span> <span class='ocrx_word' id='word_1_203' title='bbox 1230 2802 1324 2888; x_wconf 84' lang='grc' dir='ltr'><em>ε’μπο·</em></span> 
     </span>
     <span class='ocr_line' id='line_1_24' title="bbox 195 2903 1324 2997; baseline 0.001 -21"><span class='ocrx_word' id='word_1_204' title='bbox 195 2913 268 2997; x_wconf 87' lang='grc' dir='ltr'><em>ρίας</em></span> <span class='ocrx_word' id='word_1_205' title='bbox 290 2913 500 2997; x_wconf 76' lang='grc' dir='ltr'><em>περιποιεῖται,</em></span> <span class='ocrx_word' id='word_1_206' title='bbox 524 2908 672 2972; x_wconf 76' lang='grc' dir='ltr'><em>ἀλλὰκαὶ</em></span> <span class='ocrx_word' id='word_1_207' title='bbox 693 2907 729 2974; x_wconf 85' lang='grc' dir='ltr'><em>ε’ν</em></span> <span class='ocrx_word' id='word_1_208' title='bbox 750 2909 926 2995; x_wconf 82' lang='grc' dir='ltr'><em>όφδαλμοίς</em></span> <span class='ocrx_word' id='word_1_209' title='bbox 941 2913 1095 2990; x_wconf 83' lang='grc' dir='ltr'><em>νοσοῦσιν,</em></span> <span class='ocrx_word' id='word_1_210' title='bbox 1120 2903 1203 2976; x_wconf 84' lang='grc' dir='ltr'><em>ιίίστε</em></span> <span class='ocrx_word' id='word_1_211' title='bbox 1219 2916 1324 2977; x_wconf 83' lang='grc' dir='ltr'><em>πᾶσαν</em></span> 
     </span>
     <span class='ocr_line' id='line_1_25' title="bbox 197 3015 1325 3109; baseline 0.002 -23"><span class='ocrx_word' id='word_1_212' title='bbox 197 3023 376 3109; x_wconf 85' lang='grc' dir='ltr'><em>όφδαλμίαν</em></span> <span class='ocrx_word' id='word_1_213' title='bbox 399 3018 517 3083; x_wconf 82' lang='grc' dir='ltr'><em>ίᾶσδαι.</em></span> <span class='ocrx_word' id='word_1_214' title='bbox 541 3015 634 3082; x_wconf 81' lang='grc' dir='ltr'><em>οῦδὲν</em></span> <span class='ocrx_word' id='word_1_215' title='bbox 658 3019 694 3082; x_wconf 82' lang='grc' dir='ltr'><em>δὲ</em></span> <span class='ocrx_word' id='word_1_216' title='bbox 722 3019 832 3104; x_wconf 80' lang='grc' dir='ltr'><em>ἕτερον</em></span> <span class='ocrx_word' id='word_1_217' title='bbox 862 3017 1027 3103; x_wconf 79' lang='grc' dir='ltr'><em>α’ξιόλογον</em></span> <span class='ocrx_word' id='word_1_218' title='bbox 1055 3023 1224 3106; x_wconf 73' lang='grc' dir='ltr'><em>ἱστορεῖται</em></span> <span class='ocrx_word' id='word_1_219' title='bbox 1255 3027 1325 3109; x_wconf 75' lang='grc' dir='ltr'><em>περὶ</em></span> 
     </span>
    </p>
   </div>
   <div class='ocr_carea' id='block_1_4' title="bbox 93 3205 1324 4125">
    <p class='ocr_par' dir='ltr' id='par_1_8' title="bbox 93 3205 1324 4125">
     <span class='ocr_line' id='line_1_26' title="bbox 93 3205 1324 3280; baseline 0 -17"><span class='ocrx_word' id='word_1_220' title='bbox 93 3257 95 3263; x_wconf 81' lang='grc'><em>,</em></span> <span class='ocrx_word' id='word_1_221' title='bbox 263 3212 283 3262; x_wconf 93' lang='grc'><strong>2</strong></span> <span class='ocrx_word' id='word_1_222' title='bbox 303 3208 507 3279; x_wconf 55' lang='grc' dir='ltr'><em>κρόσταλοςλτ</em></span> <span class='ocrx_word' id='word_1_223' title='bbox 527 3208 656 3270; x_wconf 87' lang='grc' dir='ltr'><em>πέμπτειν</em></span> <span class='ocrx_word' id='word_1_224' title='bbox 675 3205 708 3260; x_wconf 84' lang='lat' dir='ltr'><em>V.</em></span> <span class='ocrx_word' id='word_1_225' title='bbox 725 3237 760 3246; x_wconf 94' lang='lat'>-</span> <span class='ocrx_word' id='word_1_226' title='bbox 782 3207 804 3259; x_wconf 84' lang='lat'>4</span> <span class='ocrx_word' id='word_1_227' title='bbox 821 3207 850 3258; x_wconf 78' lang='grc' dir='ltr'><em>ἐν</em></span> <span class='ocrx_word' id='word_1_228' title='bbox 869 3206 946 3259; x_wconf 79' lang='grc' dir='ltr'><em>αότιίν</em></span> <span class='ocrx_word' id='word_1_229' title='bbox 965 3208 1004 3271; x_wconf 77' lang='lat' dir='ltr'><em>V;</em></span> <span class='ocrx_word' id='word_1_230' title='bbox 1027 3208 1203 3280; x_wconf 82' lang='grc' dir='ltr'><em>ὑποχλιαίνιον</em></span> <span class='ocrx_word' id='word_1_231' title='bbox 1222 3211 1257 3272; x_wconf 85' lang='lat' dir='ltr'><em>B;</em></span> <span class='ocrx_word' id='word_1_232' title='bbox 1277 3211 1324 3278; x_wconf 74' lang='grc' dir='ltr'><em>φο·</em></span> 
     </span>
     <span class='ocr_line' id='line_1_27' title="bbox 192 3290 1321 3364; baseline 0.003 -18"><span class='ocrx_word' id='word_1_233' title='bbox 192 3299 280 3364; x_wconf 85' lang='grc' dir='ltr'><em>χροῦν</em></span> <span class='ocrx_word' id='word_1_234' title='bbox 295 3295 327 3348; x_wconf 93' lang='grc' dir='ltr'><em>Β.</em></span> <span class='ocrx_word' id='word_1_235' title='bbox 354 3325 386 3334; x_wconf 95' lang='grc'>-</span> <span class='ocrx_word' id='word_1_236' title='bbox 411 3296 430 3346; x_wconf 79' lang='grc' dir='ltr'><em>δ</em></span> <span class='ocrx_word' id='word_1_237' title='bbox 452 3295 521 3353; x_wconf 82' lang='grc' dir='ltr'><em>ζέειν</em></span> <span class='ocrx_word' id='word_1_238' title='bbox 540 3309 590 3347; x_wconf 89' lang='lat' dir='ltr'><em>om.</em></span> <span class='ocrx_word' id='word_1_239' title='bbox 610 3290 641 3345; x_wconf 89' lang='lat' dir='ltr'><em>V.</em></span> <span class='ocrx_word' id='word_1_240' title='bbox 671 3322 700 3333; x_wconf 91' lang='lat'><em>-—</em></span> <span class='ocrx_word' id='word_1_241' title='bbox 729 3293 748 3345; x_wconf 78' lang='lat'>7</span> <span class='ocrx_word' id='word_1_242' title='bbox 770 3292 883 3361; x_wconf 86' lang='grc' dir='ltr'><em>καλῆται</em></span> <span class='ocrx_word' id='word_1_243' title='bbox 901 3291 933 3346; x_wconf 83' lang='lat' dir='ltr'><em>V.</em></span> <span class='ocrx_word' id='word_1_244' title='bbox 966 3324 1000 3334; x_wconf 95' lang='lat'>-</span> <span class='ocrx_word' id='word_1_245' title='bbox 1031 3295 1051 3347; x_wconf 79' lang='lat'>9</span> <span class='ocrx_word' id='word_1_246' title='bbox 1076 3294 1223 3362; x_wconf 87' lang='grc' dir='ltr'><em>κρυστάλιν</em></span> <span class='ocrx_word' id='word_1_247' title='bbox 1240 3296 1274 3350; x_wconf 81' lang='lat' dir='ltr'><em>V.</em></span> <span class='ocrx_word' id='word_1_248' title='bbox 1294 3325 1321 3335; x_wconf 88' lang='lat'><em>-</em></span> 
     </span>
     <span class='ocr_line' id='line_1_28' title="bbox 196 3377 1323 3447; baseline 0.003 -17"><span class='ocrx_word' id='word_1_249' title='bbox 196 3380 229 3430; x_wconf 87' lang='lat'><em>10</em></span> <span class='ocrx_word' id='word_1_250' title='bbox 246 3379 449 3446; x_wconf 59' lang='lat' dir='ltr'><em>zpessorakocV3</em></span> <span class='ocrx_word' id='word_1_251' title='bbox 473 3377 501 3431; x_wconf 81' lang='grc' dir='ltr'><em>λΐ</em></span> <span class='ocrx_word' id='word_1_252' title='bbox 520 3394 569 3446; x_wconf 86' lang='lat' dir='ltr'><em>pro</em></span> <span class='ocrx_word' id='word_1_253' title='bbox 588 3378 646 3430; x_wconf 88' lang='grc' dir='ltr'><em>λίαν</em></span> <span class='ocrx_word' id='word_1_254' title='bbox 665 3377 696 3430; x_wconf 86' lang='lat' dir='ltr'><em>V.</em></span> <span class='ocrx_word' id='word_1_255' title='bbox 721 3408 752 3417; x_wconf 91' lang='lat'><em>-</em></span> <span class='ocrx_word' id='word_1_256' title='bbox 777 3377 851 3429; x_wconf 82' lang='lat'><em>&#39;7-9</em></span> <span class='ocrx_word' id='word_1_257' title='bbox 867 3377 942 3436; x_wconf 82' lang='grc' dir='ltr'><em>λίδσς</em></span> <span class='ocrx_word' id='word_1_258' title='bbox 958 3407 993 3418; x_wconf 90' lang='grc'><strong>-</strong></span> <span class='ocrx_word' id='word_1_259' title='bbox 1010 3377 1177 3447; x_wconf 83' lang='grc' dir='ltr'><em>κρυστάλλῳ.</em></span> <span class='ocrx_word' id='word_1_260' title='bbox 1213 3379 1266 3434; x_wconf 86' lang='lat' dir='ltr'><em>Pro</em></span> <span class='ocrx_word' id='word_1_261' title='bbox 1283 3378 1323 3433; x_wconf 69' lang='lat' dir='ltr'><em>his</em></span> 
     </span>
     <span class='ocr_line' id='line_1_29' title="bbox 195 3463 1321 3534; baseline 0 -16"><span class='ocrx_word' id='word_1_262' title='bbox 195 3465 247 3518; x_wconf 77' lang='lat' dir='ltr'>alia</span> <span class='ocrx_word' id='word_1_263' title='bbox 264 3463 347 3518; x_wconf 76' lang='lat' dir='ltr'><strong>habet</strong></span> <span class='ocrx_word' id='word_1_264' title='bbox 364 3464 400 3518; x_wconf 89' lang='lat' dir='ltr'><em>B:</em></span> <span class='ocrx_word' id='word_1_265' title='bbox 418 3465 493 3523; x_wconf 81' lang='grc' dir='ltr'><em>λίδας</em></span> <span class='ocrx_word' id='word_1_266' title='bbox 510 3463 631 3522; x_wconf 87' lang='grc' dir='ltr'><em>τόπαζος</em></span> <span class='ocrx_word' id='word_1_267' title='bbox 648 3463 711 3533; x_wconf 71' lang='grc' dir='ltr'><em>ἤτοι</em></span> <span class='ocrx_word' id='word_1_268' title='bbox 729 3463 867 3522; x_wconf 87' lang='grc' dir='ltr'><em>τοπάζιον.</em></span> <span class='ocrx_word' id='word_1_269' title='bbox 889 3463 1101 3530; x_wconf 78' lang='grc' dir='ltr'><em>ὠφελιμώτατον</em></span> <span class='ocrx_word' id='word_1_270' title='bbox 1120 3464 1222 3516; x_wconf 85' lang='grc' dir='ltr'><em>τοῦτόν</em></span> <span class='ocrx_word' id='word_1_271' title='bbox 1242 3482 1321 3534; x_wconf 79' lang='grc' dir='ltr'><em>φασιν</em></span> 
     </span>
     <span class='ocr_line' id='line_1_30' title="bbox 194 3546 1322 3617; baseline 0 -14"><span class='ocrx_word' id='word_1_272' title='bbox 194 3549 267 3603; x_wconf 80' lang='grc' dir='ltr'><em>ὥστε</em></span> <span class='ocrx_word' id='word_1_273' title='bbox 294 3552 382 3602; x_wconf 86' lang='grc' dir='ltr'><em>πᾶσαν</em></span> <span class='ocrx_word' id='word_1_274' title='bbox 401 3550 556 3616; x_wconf 77' lang='grc' dir='ltr'><em>όφόαλμίαν</em></span> <span class='ocrx_word' id='word_1_275' title='bbox 581 3549 683 3601; x_wconf 79' lang='grc' dir='ltr'><em>λᾶσόαι.</em></span> <span class='ocrx_word' id='word_1_276' title='bbox 706 3548 797 3612; x_wconf 85' lang='grc' dir='ltr'><em>όμσιος</em></span> <span class='ocrx_word' id='word_1_277' title='bbox 819 3548 849 3598; x_wconf 85' lang='grc' dir='ltr'><em>δέ</em></span> <span class='ocrx_word' id='word_1_278' title='bbox 867 3547 926 3599; x_wconf 81' lang='grc' dir='ltr'><em>ἐστι</em></span> <span class='ocrx_word' id='word_1_279' title='bbox 944 3551 984 3616; x_wconf 74' lang='grc' dir='ltr'><em>τῷ</em></span> <span class='ocrx_word' id='word_1_280' title='bbox 1007 3546 1176 3617; x_wconf 85' lang='grc' dir='ltr'><em>κρυστάλλῳ.</em></span> <span class='ocrx_word' id='word_1_281' title='bbox 1195 3578 1230 3590; x_wconf 90' lang='lat'><em>--</em></span> <span class='ocrx_word' id='word_1_282' title='bbox 1252 3551 1280 3603; x_wconf 83' lang='lat'><em>11</em></span> <span class='ocrx_word' id='word_1_283' title='bbox 1299 3567 1322 3602; x_wconf 83' lang='grc' dir='ltr'><em>ιν.</em></span> 
     </span>
     <span class='ocr_line' id='line_1_31' title="bbox 190 3629 1321 3708; baseline -0.001 -19"><span class='ocrx_word' id='word_1_284' title='bbox 190 3643 290 3706; x_wconf 77' lang='grc' dir='ltr'><em>χρῆσιν</em></span> <span class='ocrx_word' id='word_1_285' title='bbox 310 3635 381 3700; x_wconf 78' lang='grc' dir='ltr'><em>στιβ.</em></span> <span class='ocrx_word' id='word_1_286' title='bbox 395 3639 470 3688; x_wconf 90' lang='grc' dir='ltr'><em>Β.-</em></span> <span class='ocrx_word' id='word_1_287' title='bbox 484 3636 519 3687; x_wconf 89' lang='grc'><em>12</em></span> <span class='ocrx_word' id='word_1_288' title='bbox 537 3633 595 3686; x_wconf 78' lang='grc' dir='ltr'><em>όδὲ</em></span> <span class='ocrx_word' id='word_1_289' title='bbox 606 3633 691 3701; x_wconf 77' lang='grc' dir='ltr'><em>δῆλος</em></span> <span class='ocrx_word' id='word_1_290' title='bbox 703 3632 779 3685; x_wconf 91' lang='lat' dir='ltr'>B.—-</span> <span class='ocrx_word' id='word_1_291' title='bbox 795 3633 831 3682; x_wconf 91' lang='grc'><em>14</em></span> <span class='ocrx_word' id='word_1_292' title='bbox 850 3651 879 3686; x_wconf 90' lang='grc' dir='ltr'><em>τε</em></span> <span class='ocrx_word' id='word_1_293' title='bbox 892 3647 942 3686; x_wconf 88' lang='lat' dir='ltr'><em>om.</em></span> <span class='ocrx_word' id='word_1_294' title='bbox 955 3632 1034 3687; x_wconf 82' lang='lat' dir='ltr'><em>V.-</em></span> <span class='ocrx_word' id='word_1_295' title='bbox 1051 3633 1085 3685; x_wconf 81' lang='lat'><em>16</em></span> <span class='ocrx_word' id='word_1_296' title='bbox 1106 3632 1154 3683; x_wconf 87' lang='grc' dir='ltr'><em>τόν</em></span> <span class='ocrx_word' id='word_1_297' title='bbox 1169 3629 1278 3702; x_wconf 75' lang='grc' dir='ltr'><em>ἄρσενα</em></span> <span class='ocrx_word' id='word_1_298' title='bbox 1291 3633 1321 3708; x_wconf 79' lang='grc' dir='ltr'><em>Β,</em></span> 
     </span>
     <span class='ocr_line' id='line_1_32' title="bbox 194 3716 1322 3790; baseline -0.002 -15"><span class='ocrx_word' id='word_1_299' title='bbox 194 3722 239 3790; x_wconf 85' lang='lat' dir='ltr'><em>qui</em></span> <span class='ocrx_word' id='word_1_300' title='bbox 251 3720 354 3774; x_wconf 87' lang='grc' dir='ltr'><em>διδόναι</em></span> <span class='ocrx_word' id='word_1_301' title='bbox 366 3719 473 3773; x_wconf 80' lang='lat' dir='ltr'><strong>omittit.</strong></span> <span class='ocrx_word' id='word_1_302' title='bbox 499 3750 522 3758; x_wconf 91' lang='lat'><em>-</em></span> <span class='ocrx_word' id='word_1_303' title='bbox 542 3719 645 3770; x_wconf 80' lang='lat'>17-19</span> <span class='ocrx_word' id='word_1_304' title='bbox 660 3718 693 3771; x_wconf 85' lang='lat' dir='ltr'><em>ab</em></span> <span class='ocrx_word' id='word_1_305' title='bbox 712 3718 883 3788; x_wconf 87' lang='grc' dir='ltr'><em>ἐπιχάρασσε</em></span> <span class='ocrx_word' id='word_1_306' title='bbox 901 3733 986 3786; x_wconf 81' lang='lat' dir='ltr'>usque</span> <span class='ocrx_word' id='word_1_307' title='bbox 1005 3716 1040 3771; x_wconf 81' lang='lat' dir='ltr'><em>ad</em></span> <span class='ocrx_word' id='word_1_308' title='bbox 1059 3718 1208 3790; x_wconf 81' lang='grc' dir='ltr'><em>ἀμφιτρίτη</em></span> <span class='ocrx_word' id='word_1_309' title='bbox 1228 3720 1322 3773; x_wconf 63' lang='lat' dir='ltr'><strong>omissa</strong></span> 
     </span>
     <span class='ocr_line' id='line_1_33' title="bbox 194 3803 1322 3875; baseline -0.002 -16"><span class='ocrx_word' id='word_1_310' title='bbox 194 3813 255 3859; x_wconf 80' lang='lat' dir='ltr'>sunt</span> <span class='ocrx_word' id='word_1_311' title='bbox 267 3807 295 3859; x_wconf 92' lang='lat' dir='ltr'><em>in</em></span> <span class='ocrx_word' id='word_1_312' title='bbox 307 3806 338 3872; x_wconf 89' lang='lat' dir='ltr'><em>B,</em></span> <span class='ocrx_word' id='word_1_313' title='bbox 357 3805 403 3874; x_wconf 88' lang='lat' dir='ltr'><em>qui</em></span> <span class='ocrx_word' id='word_1_314' title='bbox 418 3820 510 3859; x_wconf 85' lang='lat' dir='ltr'>eorum</span> <span class='ocrx_word' id='word_1_315' title='bbox 529 3804 587 3858; x_wconf 84' lang='lat' dir='ltr'>loco</span> <span class='ocrx_word' id='word_1_316' title='bbox 606 3804 777 3875; x_wconf 81' lang='grc' dir='ltr'><em>ἐπιχάρασσε</em></span> <span class='ocrx_word' id='word_1_317' title='bbox 793 3804 869 3872; x_wconf 78' lang='grc' dir='ltr'><em>αὐτῷ</em></span> <span class='ocrx_word' id='word_1_318' title='bbox 884 3803 932 3855; x_wconf 87' lang='grc' dir='ltr'><em>τὸν</em></span> <span class='ocrx_word' id='word_1_319' title='bbox 950 3806 1001 3855; x_wconf 86' lang='grc' dir='ltr'><em>τοῦ</em></span> <span class='ocrx_word' id='word_1_320' title='bbox 1019 3803 1142 3872; x_wconf 83' lang='grc' dir='ltr'><em>σταύρου</em></span> <span class='ocrx_word' id='word_1_321' title='bbox 1159 3810 1322 3875; x_wconf 80' lang='grc' dir='ltr'><em>χαρακτῆρα</em></span> 
     </span>
     <span class='ocr_line' id='line_1_34' title="bbox 194 3887 1320 3959; baseline -0.003 -16"><span class='ocrx_word' id='word_1_322' title='bbox 194 3890 274 3944; x_wconf 79' lang='lat' dir='ltr'>habet</span> <span class='ocrx_word' id='word_1_323' title='bbox 292 3906 327 3944; x_wconf 82' lang='lat' dir='ltr'><em>ex</em></span> <span class='ocrx_word' id='word_1_324' title='bbox 344 3890 486 3943; x_wconf 78' lang='lat' dir='ltr'><strong>manifesta</strong></span> <span class='ocrx_word' id='word_1_325' title='bbox 503 3889 718 3956; x_wconf 79' lang='lat' dir='ltr'>interpolatione.</span> <span class='ocrx_word' id='word_1_326' title='bbox 737 3919 772 3928; x_wconf 89' lang='lat'><em>-</em></span> <span class='ocrx_word' id='word_1_327' title='bbox 793 3888 828 3940; x_wconf 79' lang='lat'><em>17</em></span> <span class='ocrx_word' id='word_1_328' title='bbox 847 3887 998 3959; x_wconf 73' lang='grc' dir='ltr'><em>ἐπιχάραζε</em></span> <span class='ocrx_word' id='word_1_329' title='bbox 1016 3887 1047 3942; x_wconf 90' lang='lat' dir='ltr'><em>V.</em></span> <span class='ocrx_word' id='word_1_330' title='bbox 1075 3917 1109 3928; x_wconf 89' lang='lat'>-</span> <span class='ocrx_word' id='word_1_331' title='bbox 1136 3890 1171 3942; x_wconf 78' lang='lat'><em>19</em></span> <span class='ocrx_word' id='word_1_332' title='bbox 1188 3887 1274 3950; x_wconf 72' lang='grc' dir='ltr'><em>οὕτως</em></span> <span class='ocrx_word' id='word_1_333' title='bbox 1292 3887 1320 3942; x_wconf 84' lang='grc' dir='ltr'><em>Β.</em></span> 
     </span>
     <span class='ocr_line' id='line_1_35' title="bbox 193 3971 1320 4043; baseline -0.002 -15"><span class='ocrx_word' id='word_1_334' title='bbox 193 4004 227 4016; x_wconf 95' lang='grc'><strong>-</strong></span> <span class='ocrx_word' id='word_1_335' title='bbox 245 3977 287 4028; x_wconf 92' lang='grc'><em>20</em></span> <span class='ocrx_word' id='word_1_336' title='bbox 304 3980 443 4043; x_wconf 82' lang='grc' dir='ltr'><em>περιποιεῖ</em></span> <span class='ocrx_word' id='word_1_337' title='bbox 454 3975 483 4027; x_wconf 94' lang='lat' dir='ltr'><em>V.</em></span> <span class='ocrx_word' id='word_1_338' title='bbox 503 4005 537 4016; x_wconf 93' lang='grc'>-</span> <span class='ocrx_word' id='word_1_339' title='bbox 561 3976 594 4027; x_wconf 88' lang='grc'><em>21</em></span> <span class='ocrx_word' id='word_1_340' title='bbox 610 3974 651 4041; x_wconf 85' lang='grc' dir='ltr'><em>ἀγ.</em></span> <span class='ocrx_word' id='word_1_341' title='bbox 672 3975 701 4025; x_wconf 81' lang='grc' dir='ltr'><em>ἐκ</em></span> <span class='ocrx_word' id='word_1_342' title='bbox 722 3974 793 4025; x_wconf 79' lang='grc' dir='ltr'><em>δεσῦ</em></span> <span class='ocrx_word' id='word_1_343' title='bbox 811 3973 897 4041; x_wconf 81' lang='grc' dir='ltr'><em>δοπήρ</em></span> <span class='ocrx_word' id='word_1_344' title='bbox 910 3972 940 4026; x_wconf 91' lang='grc' dir='ltr'><em>Β.</em></span> <span class='ocrx_word' id='word_1_345' title='bbox 958 4002 992 4013; x_wconf 82' lang='grc'>-</span> <span class='ocrx_word' id='word_1_346' title='bbox 1011 3973 1052 4024; x_wconf 85' lang='grc'><em>23</em></span> <span class='ocrx_word' id='word_1_347' title='bbox 1066 4003 1097 4013; x_wconf 91' lang='lat'>-</span> <span class='ocrx_word' id='word_1_348' title='bbox 1110 3988 1136 4041; x_wconf 88' lang='lat' dir='ltr'><em>p.</em></span> <span class='ocrx_word' id='word_1_349' title='bbox 1152 3977 1209 4042; x_wconf 81' lang='lat'>142,</span> <span class='ocrx_word' id='word_1_350' title='bbox 1226 3979 1238 4028; x_wconf 95' lang='lat' dir='ltr'>l</span> <span class='ocrx_word' id='word_1_351' title='bbox 1258 3971 1320 4026; x_wconf 68' lang='grc' dir='ltr'><em>ἀλλὰ</em></span> 
     </span>
     <span class='ocr_line' id='line_1_36' title="bbox 193 4058 1243 4125; baseline 0.001 -13"><span class='ocrx_word' id='word_1_352' title='bbox 193 4061 285 4114; x_wconf 84' lang='grc' dir='ltr'><em>καὶ-</em></span> <span class='ocrx_word' id='word_1_353' title='bbox 305 4061 389 4113; x_wconf 78' lang='grc' dir='ltr'><em>αὐτοῦ</em></span> <span class='ocrx_word' id='word_1_354' title='bbox 408 4076 457 4113; x_wconf 89' lang='lat' dir='ltr'><em>om.</em></span> <span class='ocrx_word' id='word_1_355' title='bbox 477 4059 508 4112; x_wconf 90' lang='lat' dir='ltr'><em>B.</em></span> <span class='ocrx_word' id='word_1_356' title='bbox 530 4091 564 4100; x_wconf 98' lang='lat'>—</span> <span class='ocrx_word' id='word_1_357' title='bbox 584 4061 625 4112; x_wconf 81' lang='lat'><em>23</em></span> <span class='ocrx_word' id='word_1_358' title='bbox 647 4058 839 4125; x_wconf 81' lang='grc' dir='ltr'><em>ἐνιοφδαλμοῖς</em></span> <span class='ocrx_word' id='word_1_359' title='bbox 858 4058 889 4111; x_wconf 89' lang='lat' dir='ltr'><em>V.</em></span> <span class='ocrx_word' id='word_1_360' title='bbox 910 4085 940 4098; x_wconf 90' lang='lat'><em>—-</em></span> <span class='ocrx_word' id='word_1_361' title='bbox 965 4058 1008 4110; x_wconf 83' lang='lat'><em>24</em></span> <span class='ocrx_word' id='word_1_362' title='bbox 1027 4058 1091 4112; x_wconf 76' lang='grc' dir='ltr'><em>οὐδὲ</em></span> <span class='ocrx_word' id='word_1_363' title='bbox 1111 4059 1141 4110; x_wconf 84' lang='grc' dir='ltr'><em>δέ</em></span> <span class='ocrx_word' id='word_1_364' title='bbox 1159 4059 1192 4113; x_wconf 89' lang='lat' dir='ltr'><em>V.</em></span> <span class='ocrx_word' id='word_1_365' title='bbox 1212 4089 1243 4100; x_wconf 94' lang='lat'>-</span> 
     </span>
    </p>
   </div>
   <div class='ocr_carea' id='block_1_5' title="bbox 0 0 1438 4620">
    <p class='ocr_par' dir='ltr' id='par_1_9' title="bbox 0 0 1438 4620">
     <span class='ocr_line' id='line_1_37' title="bbox 0 0 1438 4620; baseline 0 3"><span class='ocrx_word' id='word_1_366' title='bbox 0 0 1438 4620; x_wconf 95' lang='lat' dir='ltr'><em> </em></span> 
     </span>
    </p>
   </div>
  </div>
 </body>
</html>
