2866 4620
592 370 825 436 -185-

409 606 524 672 XXIX
558 606 681 692 Lapis
703 605 1011 691 Topatouontes.

235 744 469 825 Topatozontes
490 742 573 824 lapis
595 747 807 808 tutamentum
836 742 991 824 optimum
1013 746 1071 807 est.
1116 740 1167 805 Ad
1190 741 1268 807 divi·

151 845 296 911 nationes
325 846 484 928 aquatiles
511 845 709 927 aptissimum
735 851 793 910 est.
844 843 936 921 Quod
957 843 984 908 si
1007 845 1077 927 quis
1098 864 1180 908 urae
1202 862 1270 908 ma·

151 949 242 1012 rinae
256 947 363 1010 vinum
384 944 502 1010 biberit
523 949 556 1011 et
577 946 727 1024 insaniat,
752 945 829 1010 trito
849 943 958 1029 lapide
980 964 1077 1026 super
1100 944 1269 1010 coticulam

149 1071 222 1115 eum
245 1068 331 1131 aqua
353 1048 396 1112 da
417 1048 538 1112 furioso
561 1046 680 1112 bibere.
724 1045 847 1111 Deinde
869 1052 948 1129 apta
969 1046 999 1111 oi
1020 1045 1161 1129 lapidem
1185 1047 1305 1113 circat

150 1151 274 1227 collum,
297 1156 330 1214 et
351 1149 526 1215 sanabitur.
563 1148 825 1214 sacrificantibus
846 1149 943 1213 etiam
958 1147 1271 1233 propitiantibusque

150 1253 211 1319 deo
233 1250 310 1316 utile
332 1256 391 1316 est.
436 1250 624 1317 Suasionem
651 1251 735 1315 enim
760 1251 859 1316 hahet
885 1269 992 1315 secum
1018 1254 1051 1314 et
1072 1249 1271 1332 impetratio-

150 1376 223 1420 nem
247 1359 279 1419 et
301 1359 410 1436 gratos
432 1354 510 1418 facit
531 1357 703 1437 gestantes.
739 1352 961 1418 Sanctificatus
983 1356 1141 1433 perpetua
1163 1374 1271 1420 eonse-

152 1457 303 1522 oratione.

474 1607 572 1672 XXX.
606 1606 726 1688 Lapis
755 1606 947 1692 Magnitis.
1293 1616 1325 1667 ιο

236 1744 384 1826 Magnitis
399 1743 483 1826 lepis
497 1763 630 1826 magnas
645 1743 778 1807 virtutes
792 1742 900 1808 habet
938 1742 1054 1808 Plenus
1074 1748 1125 1808 est
1144 1743 1272 1827 spiritu,

152 1848 213 1912 hoc
235 1852 284 1911 est
306 1846 442 1910 attrahit
464 1844 552 1928 quod
574 1844 756 1931 appositum
778 1844 899 1909 ferrum
921 1849 955 1910 et
975 1845 1101 1911 retinet.
1146 1845 1273 1912 Invenit

152 1955 261 2013 autem
292 1970 363 2013 eum
387 1948 522 2013 Colchis.
560 1947 630 2012 Hoc
651 1947 761 2010 dicunt
781 1967 875 2010 usam
903 1947 937 2010 in
965 1946 1103 2029 magica;
1131 1947 1272 2014 Medium

151 2073 227 2117 vero
248 2052 374 2116 nomine
389 2051 430 2115 de
445 2049 625 2129 Mediodon‚
649 2055 722 2132 post
736 2070 831 2132 quem
847 2050 1056 2133 quaerendus
1091 2049 1169 2116 Inde
1185 2049 1273 2116 Medi

154 2155 209 2236 qni
224 2174 282 2235 per
297 2174 422 2219 omnem
435 2153 548 2218 horam
564 2174 602 2218 eo
617 2154 668 2218 usi
683 2158 757 2217 sunt
769 2172 808 2216 ex
823 2151 971 2217 claritate
986 2150 1153 2217 duodecim
1169 2152 1273 2235 signo·
1293 2154 1324 2206 ¹⁶

151 2276 221 2318 rum
237 2303 344 2320 .....
383 2255 484 2319 Huius
506 2255 623 2337 lapidis
643 2259 839 2339 potestatem
861 2274 935 2320 vero
962 2275 1069 2320 omnes
1091 2254 1178 2337 magi
1200 2275 1274 2320 oon·

150 2354 367 2436 firmaverunt,
392 2358 483 2441 quasi
499 2357 655 2421 maximas
669 2356 818 2421 habentis
834 2356 1004 2438 potentias,
1027 2360 1061 2421 et
1081 2356 1126 2422 sie
1148 2357 1272 2422 invene-

155 2465 238 2538 runt,
262 2459 531 2543 quemadmodum
554 2464 717 2524 tentarent
737 2478 852 2524 uxores
872 2478 946 2523 suas
973 2458 1013 2523 de
1038 2456 1174 2524 caritate
1197 2478 1275 2542 erga

151 2581 194 2639 se,
217 2581 258 2624 an
281 2550 528 2626 benivolentiam
555 2581 681 2642 semper
702 2559 907 2639 custodirent,
930 2565 963 2624 et
988 2564 1204 2642 cognoverunt
1226 2557 1273 2624 di-

154 2660 290 2744 ligenter
304 2662 331 2726 si
346 2663 393 2726 ita
408 2661 566 2726 iecissent.
604 2659 790 2726 Dormiente
807 2682 906 2726 uxore
921 2662 1031 2727 subtus
1047 2668 1145 2746 caput
1159 2682 1272 2746 posue·
1291 2671 1326 2722 20

220 2815 234 2864 1
254 2813 384 2867 Graecam
395 2813 579 2881 Damigeronis
597 2812 631 2866 de
648 2813 755 2882 topazio
767 2813 947 2867 narrationem
958 2829 1040 2882 snpra
1058 2813 1130 2869 edidi
1147 2816 1175 2869 in
1191 2813 1275 2867 Lithi-

151 2911 242 2950 cornm
260 2897 378 2965 epitoma
394 2915 420 2966 p.
443 2902 499 2966 142,
525 2902 581 2966 143,
611 2899 657 2952 ubi
680 2908 769 2953 tamen
794 2899 872 2954 etiam
897 2915 930 2952 ex
950 2901 1010 2954 aliis
1034 2901 1189 2957 auctoribus
1211 2913 1275 2953 non·
1361 2934 1365 2942 -

150 2982 225 3037 nulla
247 2981 365 3037 admixta
383 2999 441 3038 esse
460 2983 590 3038 ridentur.
612 3015 642 3025 -
661 2985 813 3052 Topatonte
830 2985 890 3053 (sio)
911 2985 943 3048 σς
965 3018 992 3026 -
1014 2988 1035 3040 2
1055 2992 1229 3055 topatoaonte
1246 3000 1275 3050 ος

153 3099 182 3107 -
199 3070 227 3122 2.
242 3069 262 3121 3
276 3069 455 3124 divinationes
467 3088 495 3135 c;
514 3101 544 3112 -
564 3071 741 3125 4eotienlam
752 3087 827 3139 ege,
846 3073 924 3127 eutic.
937 3091 958 3140 c,
976 3073 1067 3127 cratie.
1077 3091 1111 3139 μς
1132 3102 1159 3111 -
1181 3070 1200 3122 6
1214 3083 1275 3136 pre·

151 3155 332 3224 pieiantihusq
348 3173 374 3220 c;
396 3188 424 3196 -
444 3157 479 3208 12
497 3156 616 3209 adtrahit
634 3173 660 3222 c;
685 3172 749 3209 num
767 3163 817 3210 est
834 3156 984 3210 addendum
1002 3164 1064 3210 ante
1083 3151 1231 3210 terrum?
1247 3159 1276 3205 et

153 3256 209 3292 om.
228 3256 255 3306 ⁰3
280 3271 314 3279 -
341 3242 376 3292 13
394 3256 470 3294 usam
489 3255 549 3309 ego
571 3256 605 3293 ex
617 3240 715 3296 Mart:
733 3240 813 3294 »Post
832 3241 907 3294 illum
927 3241 1013 3294 femur
1033 3240 1137 3295 famosa
1157 3235 1276 3292 venefica

152 3331 247 3388 Circe
258 3332 318 3385 Hee
330 3333 356 3384 in
368 3333 521 3400 praestigiis
538 3333 648 3401 magieis
666 3332 818 3400 specialiter
836 3349 932 3394 usa«,
951 3348 1028 3386 usum
1040 3350 1089 3400 ειη
1107 3363 1140 3375 -
1151 3334 1187 3384 14
1198 3331 1241 3386 Pt’
1257 3330 1278 3400 'a'

154 3417 242 3487 ereed’
259 3418 319 3485 (sie)
336 3436 357 3485 c,
374 3422 483 3485 praeter
501 3432 580 3485 quem
597 3417 766 3485 quaerendus
782 3436 815 3483 p,
833 3422 895 3484 post
916 3433 994 3486 quem
1013 3417 1182 3486 quaerendus
1200 3433 1276 3489 ego,

156 3502 289 3556 »Medium
317 3519 380 3556 vero
407 3503 544 3557 nominant
569 3502 807 3570 de’mediodon·pt’
830 3501 906 3572 quod
924 3517 1003 3570 grece
1027 3502 1162 3570 d(ioitur)«
1190 3504 1276 3558 coni.

151 3587 252 3655 iting,
271 3588 315 3640 vix
332 3593 414 3649 reete,
433 3602 493 3641 cnm
507 3587 620 3642 Ededon
637 3592 680 3653 (=
693 3586 848 3654 Medicdon)
867 3602 884 3641 a
900 3586 1031 3640 Marbodo
1048 3602 1143 3655 magus
1161 3587 1274 3654 dicatur,

153 3672 199 3739 qni
216 3672 267 3725 hoc
285 3672 375 3740 lapide
392 3687 456 3726 usus
474 3673 516 3726 sit.
551 3672 693 3727 Caeterum
716 3673 809 3727 confer
826 3672 917 3726 Pitrao
936 3679 1026 3726 notam
1047 3672 1082 3726 ad
1100 3688 1159 3741 cap.
1177 3674 1219 3725 21.
1242 3701 1276 3714 -

152 3756 187 3808 15
205 3771 239 3810 ex
257 3756 406 3810 claritatem
425 3773 459 3810 ex
480 3759 512 3824 03
531 3787 564 3798 -
581 3759 615 3810 16
634 3757 707 3812 nulla
724 3758 836 3812 lacunae
854 3758 931 3826 signo
947 3757 974 3810 in
996 3756 1031 3819 03
1053 3756 1097 3812 hie
1114 3757 1182 3824 lapis
1200 3761 1276 3824 pete·

153 3847 210 3894 stas
227 3856 290 3895 vero
308 3841 368 3908 (sic)
384 3843 411 3910 0,
428 3843 500 3896 Hine
516 3842 612 3911 lapidis
623 3849 751 3911 potestas.
763 3843 864 3896 Varum
882 3841 966 3896 coni.
985 3842 1084 3909 Ring;
1105 3856 1185 3910 mogy
1199 3859 1225 3908 03
1243 3870 1276 3884 -

153 3928 188 3980 17
206 3927 329 3981 habentis
346 3943 422 3995 ogo,
441 3928 570 3982 habentes
584 3947 605 3996 e,
623 3929 764 3983 habentem
774 3946 809 3994 p;
827 3958 861 3969 -
878 3928 913 3980 18
931 3926 1061 3980 charitate
1077 3944 1110 3994 p;
1128 3956 1160 3967 -
1178 3927 1212 3979 ta
1228 3928 1275 3996 an]

154 4022 203 4068 ant
219 4031 245 4080 c;
263 4043 298 4053 -
319 4014 361 4067 20
379 4014 401 4068 si
419 4015 457 4067 ita
475 4014 599 4068 fecissent
616 4031 672 4068 om.
688 4033 722 4080 p,
739 4015 852 4068 lacunae
870 4012 953 4080 signis
969 4012 1072 4082 positis.
1098 4041 1128 4052 -
1157 4012 1199 4065 20
1217 4012 1277 4067 dor

154 4100 261 4154 unientis
278 4099 370 4153 uxoris
387 4118 404 4165 p
410 4119 418 4161 ;
437 4098 523 4166 capud
541 4117 562 4152 c.
