2866 4620
602 337 815 400 -58-

149 541 198 576 κεα
213 539 240 592 e,
258 522 349 591 Steph.
362 528 390 575 et
401 521 461 575 edd.
476 527 539 574 ante
552 521 642 574 Herm.
660 520 795 588 πιτράκια
813 519 846 572 11.
865 519 1000 589 τετρήρης
1017 519 1044 572 in
1058 518 1204 574 Thesauro
1218 520 1284 574 citat

148 606 241 677 Stepb.
261 608 331 662 unde
350 607 489 676 πετρήκεα
513 606 615 673 recepit
633 605 724 658 Herm.
760 604 825 658 Cum
849 605 985 660 notionem
1009 604 1174 673 ›praeduri‹
1202 622 1282 675 quam

146 693 226 748 lexici
249 694 386 763 πετρήκης
406 690 536 745 vocabulo
561 691 682 744 tribuunt
705 691 843 745 eominus
865 689 979 758 probare
996 691 1097 759 possit,
1126 691 1221 761 »qnod
1238 690 1282 745 rix

147 779 284 833 commode
303 777 401 830 dicitur
419 775 488 844 lapis
507 776 589 830 durus
607 790 665 828 esse
683 775 752 828 sicut
769 774 863 846 lapis«,
887 775 959 829 Wiel
976 791 1003 843 p.
1016 779 1049 830 39
1068 777 1228 847 corporea,
1252 783 1281 832 ut

148 865 280 933 περιαγής
297 863 330 916 ab
349 858 445 930 δννομι
464 861 581 929 ductum,
601 860 723 925 coniecit,
742 859 830 928 »quod
848 864 875 912 et
892 859 1001 927 egregie
1019 861 1171 926 respondet
1189 861 1281 916 subse·

150 947 244 1016 quenti
262 947 368 1015 τρύφος
384 945 500 1013 πέτρης,
524 960 576 1011 quo
595 950 623 996 et
640 944 699 1011 ipso
723 943 782 997 saxi
804 944 983 1010 fragmentum
1001 941 1183 1013 significatur,
1202 952 1233 1000 et
1249 947 1281 1002 si·

145 1032 250 1086 'militer
268 1031 301 1084 de
319 1029 413 1085 eodem
431 1028 520 1097 lapido
539 1027 638 1095 legitur
655 1028 727 1094 apud
746 1027 823 1081 Dion.
841 1028 946 1095 Perieg.
964 1044 987 1080 v.
1009 1031 1092 1083 1075:

224 1112 277 1167 Τοῦ
296 1117 324 1167 δ’
343 1113 374 1166 δν
395 1114 438 1166 ἐπὶ
456 1114 607 1182 πλευρῇσιν
627 1111 690 1172 ἴδοις
708 1113 811 1165 secuda
831 1111 955 1183 ἀχάτηνΙ
975 1108 1107 1176 Κοίρανον
1127 1113 1177 1167 οἶα
1195 1116 1280 1169 πάλιν·

149 1201 215 1270 δρον
234 1200 277 1252 ἐπὶ
292 1200 401 1271 χθονός,
420 1200 450 1250 ὄν
468 1200 500 1267 ρ’
518 1198 571 1249 ἀπὸ
589 1197 692 1266 πέτρης
716 1201 720 1264 Ι
744 1197 891 1266 Χειμερίινο
908 1200 1042 1261 ποταμοῖο
1061 1199 1141 1252 κάτω
1162 1200 1280 1269 σύρουσι

144 1286 318 1356 χαράδραις.
339 1315 369 1322 -

218 1366 360 1438 Πετράκης
377 1384 473 1422 nornen
492 1383 549 1421 esse
568 1368 665 1435 lapidis
683 1368 795 1422 alicuius
813 1369 906 1436 ignoti,
928 1369 1060 1422 sententia
1078 1375 1140 1422 erat
1158 1369 1278 1425 Eschen-

148 1454 227 1510 bachi
250 1460 277 1506 et
295 1453 419 1520 Gesneri,
443 1469 556 1520 quorum
579 1453 654 1521 prior
671 1453 821 1506 εὐπέταλον
846 1455 1043 1523 pervirens,
1068 1459 1211 1523 posterior
1232 1470 1281 1524 per

149 1538 262 1592 fissile
281 1538 368 1590 vertit.
397 1538 431 1591 H.
444 1539 594 1605 Stephanus
612 1539 639 1590 in
657 1539 796 1593 Thesauro
815 1555 835 1592 s.
851 1556 884 1600 v..
903 1539 1046 1607 eupetalos
1064 1538 1140 1606 apud
1159 1539 1278 1594 Plinium

149 1638 269 1692 gemmae
288 1638 382 1676 nomen
401 1638 458 1675 esse
476 1639 530 1676 non
548 1623 696 1690 ignorabat,
716 1629 807 1676 tamen
824 1623 920 1678 dubius
931 1622 1068 1690 haerebat,
1088 1630 1183 1678 utrum
1202 1625 1278 1677 εδπέ·

149 1707 247 1775 ταλον,
274 1720 308 1759 sn
331 1709 471 1768 πετράκεα
493 1707 652 1760 substantivi
676 1707 733 1760 vice
752 1707 916 1774 fungeretur.
956 1706 1102 1761 Schneider
1130 1707 1160 1761 irr
1189 1708 1278 1764 lexico

151 1807 257 1860 graeco,
276 1797 387 1844 utente
405 1807 465 1843 eum
483 1792 535 1845 ianr
555 1793 715 1858 epitomator
733 1791 842 1859 fecerat,
865 1791 1066 1859 ο1εὐπέτα1ον,
1086 1797 1114 1844 et
1133 1794 1278 1862 πετράκεο

148 1877 177 1930 in
199 1875 392 1929 adiectivorum
419 1891 528 1929 numero
555 1876 671 1929 habebat
699 1883 726 1928 et
751 1877 783 1929 de
808 1877 903 1929 achate
933 1875 1031 1929 dictum
1056 1891 1115 1929 esse
1143 1878 1279 1945 censebat,

148 1978 190 2017 vv.
203 1965 261 2016 230.
275 1963 324 2015 231
345 1966 435 2014 autem
457 1977 517 2014 cum
538 1959 710 2028 sequentibus
729 1961 824 2012 iunxit.
863 1961 943 2014 Cuius
956 1959 1117 2013 sententiam
1137 1961 1279 2030 amplexos

152 2052 194 2101 ost
205 2046 278 2099 Wiel
295 2062 321 2114 p.
334 2049 367 2099 39
384 2045 542 2113 praesertim
555 2045 628 2112 quod
642 2044 709 2112 ¹aqui
721 2045 800 2112 vulgo
815 2044 974 2112 praefigitur
985 2045 1092 2098 titulus:
1111 2045 1158 2097 ΙΙΙ
1176 2049 1279 2118 πετρά-

148 2150 195 2201 κης
213 2131 289 2185 abest
307 2146 323 2183 a
341 2129 399 2184 cod.
417 2130 585 2182 Parisiensir.
622 2129 674 2182 Sed
693 2129 720 2181 in
738 2129 759 2181 P
785 2145 891 2197 quoque
910 2145 926 2183 a
945 2128 1117 2198 sequentibus
1142 2132 1280 2187 seiunctos

150 2230 207 2268 esse
232 2214 281 2268 hos
304 2212 371 2266 duos
398 2228 490 2266 versus
517 2214 585 2265 haec
612 2227 670 2265 mea
698 2213 779 2267 editio
803 2212 890 2266 docet.
926 2213 1016 2266 Herm.
1035 2213 1102 2267 nihil
1122 2214 1177 2267 nisi
1203 2223 1280 2285 opta·

149 2300 209 2366 bat,
236 2297 300 2366 quid
325 2298 440 2365 epitome
467 2297 579 2351 haberet
607 2283 778 2350 indicavisset
802 2299 940 2365 Tyrwhitt.
981 2298 1067 2351 Miror
1089 2298 1212 2354 virorum
1236 2300 1280 2356 do·

151 2389 254 2438 ctorum
279 2397 391 2435 errores.
433 2382 497 2435 Cum
525 2388 551 2435 et
575 2383 728 2449 eupetalos,
753 2389 780 2434 et
804 2382 997 2436 dendrachates
1020 2397 1036 2435 a
1057 2383 1146 2437 Plinio
1171 2401 1281 2457 quoque

151 2469 228 2541 quasi
247 2467 352 2521 diversa
370 2483 533 2534 gemmarum
553 2482 654 2534 genera
672 2475 861 2520 enumerentur
884 2468 941 2534 (cfr.
959 2473 1068 2535 praeter
1087 2467 1177 2522 locum
1197 2486 1281 2541 supra

149 2554 289 2608 laudatum
308 2552 339 2606 N.
354 2552 388 2604 H.
406 2551 544 2619 XXXVII,
562 2556 602 2619 10,
620 2556 680 2606 139;
702 2557 829 2606 avocatur
934 2551 1191 2608 dondrachates
1211 2562 1280 2624 quae

150 2639 224 2692 velut
243 2637 390 2691 arbusculis
409 2637 519 2705 insignis
538 2642 606 2703 ests)
623 2638 690 2690 nihil
711 2644 795 2691 restat
811 2638 862 2690 nisi
881 2644 910 2690 ut
928 2637 961 2690 de
974 2638 1098 2705 eupetalo
1113 2638 1202 2694 dictos
1221 2646 1280 2695 esse

150 2737 243 2777 versus
267 2725 401 2776 230-231
424 2737 565 2775 sumamus.
604 2722 641 2774 Et
659 2723 744 2775 estin
762 2723 881 2788 margine
899 2724 925 2775 A
948 2722 982 2775 ad
1000 2738 1023 2774 v.
1042 2725 1094 2776 230
1112 2723 1180 2792 περὶ
1197 2725 1278 2779 εὐπε-

149 2807 244 2870 τάλοο,
269 2811 296 2858 ei
320 2804 396 2858 adv.
415 2809 465 2858 232
492 2806 556 2873 περὶ
575 2806 773 2875 δενδραχάτδο.
798 2836 830 2846 -
854 2806 917 2858 230
937 2808 1003 2859 λάον
1023 2807 1055 2860 A.
1091 2808 1161 2861 Post
1183 2825 1208 2863 v.
1228 2813 1278 2865 231

148 2890 243 2962 titulus
266 2887 334 2939 1οΒ
361 2887 426 2956 περὶ
452 2889 557 2958 ἀχάτοο
582 2889 672 2956 λίδοο;
697 2890 725 2943 111
743 2890 836 2944 Pal.V
856 2891 919 2960 περὶ
936 2892 1053 2962 ἀχατοος
1080 2892 1108 2946 111
1127 2893 1150 2946 Ρ
1170 2899 1197 2947 01
1217 2894 1277 2949 edd.

150 2979 213 3027 ante
232 2973 336 3041 Tyrwh.
355 2973 458 3049 ἀχάτης
465 2995 472 3036 ;
497 2973 604 3026 titulum
623 2991 673 3028 om.
692 2978 716 3028 Α
735 2981 762 3028 et
784 2976 811 3028 in
831 2977 917 3044 spatio
936 2992 1019 3030 vacuo
1038 2977 1077 3029 M.
1113 2978 1159 3031 Ad
1181 2996 1207 3034 v.
1226 2985 1278 3036 232

150 3059 209 3109 »ὅτι
230 3058 259 3108 ἐν
283 3057 357 3126 αὐτῷ
380 3055 433 3110 οἷον
453 3059 553 3127 δένδρα
571 3060 726 3128 φαίνονται,
752 3061 934 3129 δενδρόφυτος
960 3060 1152 3125 ἐπωνόμασται
1177 3066 1192 3117 δ
1212 3066 1278 3138 ἀχά·

149 3161 210 3212 τηςο
225 3141 330 3196 Moschi
343 3142 424 3196 schol.
444 3143 581 3196 ineditum.
600 3174 633 3183 -
653 3145 715 3196 232
736 3146 760 3196 ei
778 3146 821 3196 καὶ
839 3146 872 3214 A,
891 3145 995 3213 Tyrwh.
1009 3161 1043 3199 ex
1062 3147 1131 3201 coni.
1145 3149 1278 3205 etHerm.

148 3225 173 3279 ὲί
191 3227 266 3281 deest
284 3228 312 3279 in
331 3228 407 3281 codd.
422 3229 486 3281 dett.
506 3234 532 3280 et
550 3229 577 3282 in
596 3230 654 3282 edd.
674 3237 736 3284 ante
756 3230 860 3298 Tyrwh.
883 3228 916 3282 οἷ’
929 3249 974 3283 κεν
994 3231 1036 3283 vel
1055 3232 1087 3300 ἢν
1107 3231 1139 3283 δέ
1156 3250 1190 3300 γε
1209 3237 1279 3291 coni.

148 3313 245 3367 Portus
269 3312 340 3379 apud
366 3312 457 3380 Steph.
482 3313 681 3383 δενδροφοτοῖο
700 3316 775 3368 ΑΜ.
794 3315 877 3387 χερσὶ
901 3317 931 3368 B.
960 3348 995 3356 -
1021 3317 1084 3368 233
1109 3318 1216 3380 μᾶλλον
1235 3321 1278 3373 aral

149 3398 215 3451 dett.
235 3402 262 3450 01
280 3396 344 3451 edd.
364 3404 426 3450 ante
449 3398 540 3450 Herm.
560 3399 605 3467 qui
628 3400 728 3464 μᾶλλόν
753 3418 796 3451 κεν
821 3401 933 3468 scripsit.
956 3401 1058 3464 μᾶλλον
1077 3402 1125 3453 καί
1146 3405 1202 3468 (vel
1221 3410 1278 3472 κεν)

148 3484 234 3535 omli
253 3481 280 3533 in
300 3481 402 3535 lacuna.
421 3482 555 3534 δάλποιτο
569 3484 602 3550 A,
621 3483 749 3552 τέρποιτο
768 3485 843 3538 codd.
861 3485 925 3539 dett.
945 3491 972 3538 01
990 3485 1050 3538 edd.
1068 3501 1161 3540 omnes
1185 3520 1210 3528 -
1236 3508 1277 3545 vv,

148 3567 283 3622 234-237
302 3582 352 3618 om.
370 3566 396 3618 A
413 3566 441 3618 111
458 3566 561 3621 lacuna.
579 3600 613 3608 —-
637 3569 701 3620 234
719 3570 866 3636 κατόψεται
885 3571 906 3622 B
920 3569 1047 3624 PPalV
1066 3571 1122 3624 air.
1140 3573 1279 3640 κατόψεαι

149 3652 202 3720 [Μ]
222 3650 283 3704 inde
297 3666 313 3704 a
325 3651 416 3716 Steph.
432 3683 462 3691 —
476 3653 538 3705 236
559 3654 685 3706 τοῦνεκεν
706 3655 764 3709 edd.
778 3662 840 3709 ante
853 3655 945 3722 Steph.
960 3687 992 3695 —
1011 3655 1074 3708 237
1094 3656 1234 3722 ἐπώναμιν
1247 3661 1279 3715 Β,

147 3767 181 3777 -
194 3738 256 3788 239
273 3737 319 3788 τδν
333 3735 363 3787 δὲ
375 3736 400 3788 Α
412 3737 434 3789 Β
447 3737 503 3790 Pal.
522 3738 601 3789 τόνδε
618 3740 675 3792 rell.
689 3739 754 3793 dett.
773 3747 800 3793 et
813 3740 872 3794 edd.
887 3754 984 3793 omnes.
1004 3744 1075 3800 τεοῖς
1088 3740 1144 3794 Pal.
1158 3774 1193 3782 -
1213 3747 1279 3798 240

148 3821 216 3889 κέρα
234 3822 289 3873 δύω
308 3819 382 3874 codd.
401 3821 515 3890 (κέρατα
536 3821 602 3889 Pal.)
628 3828 655 3875 et
678 3823 737 3876 edd.
762 3829 824 3875 ante
843 3824 933 3876 Herm.
957 3824 1041 3892 κέραε
1059 3823 1116 3875 δύαι
1133 3827 1277 3884 maluisset

148 3905 251 3972 Tyrwh.
272 3907 309 3960 »si
321 3923 364 3960 res
378 3906 484 3974 integra
497 3913 599 3968 essets5
618 3908 724 3975 κέρατα
736 3907 792 3960 δύω
805 3909 951 3962 Schneider
955 3928 964 3966 ς
981 3909 1049 3976 κέρα
1062 3908 1128 3960 δοίω
1141 3910 1238 3966 Herm.
1252 3919 1280 3967 et

49 4057 51 4060 .
149 3989 266 4045 Tauohn.
285 4007 388 4058 errore3
412 4007 489 4059 quem
511 4007 578 4046 corr.
597 3999 733 4046 corrector
752 3992 943 4060 Weigelianae.
962 3996 1101 4062 spesspes
1120 3995 1151 4048 B.
1171 4028 1206 4036 -
1222 3999 1279 4051 241

148 4074 244 4144 ἀποορ.
258 4077 288 4129 Β.
302 4107 330 4115 -
347 4078 409 4128 242
426 4077 670 4148 σταχοοπλάκαμος
679 4078 735 4131 Pal.
746 4084 808 4130 ante
818 4094 886 4132 corr.
902 4077 936 4132 ἴοι
947 4095 963 4133 a
975 4079 1055 4132 verbo
1068 4077 1124 4148 ἴημι
1139 4080 1280 4140 derivasse
