2866 4620
622 332 854 397 ..148-

180 523 242 583 τιῦν
264 519 323 582 ere
344 518 493 603 σκορπίου
507 518 674 606 δηγμάτων
689 517 829 600 γίνεσθαι
848 519 897 582 καὶ
908 518 989 601 μετὰ
1000 517 1130 604 ῥοδίνου
1145 520 1182 583 δὲ
1197 521 1305 587 ἐλαίου

174 630 341 718 χριόμενον
363 632 417 704 τὰς
447 626 679 720 περιαυχενίους
706 629 820 706 δδύνας
849 631 970 710 παύειν,
999 633 1048 694 καί
1072 633 1154 713 μετὰ
1178 633 1310 715 μέλιτος·

180 745 362 825 κιρνάμενον
393 743 442 804 καὶ
474 741 635 823 πινύμενον
669 742 881 828 καθαρτήριον
910 744 1048 826 χαστρδς
1078 742 1219 824 γίνεσθαι
1254 747 1308 808 καὶ

179 849 313 935 ὑδέρους
341 850 378 913 δὲ
400 854 507 914 κενοῦν
529 852 579 914 καὶ
599 851 770 933 βουβῶνος
792 853 908 915 ἰᾶσθαι.

144 973 161 1023 5
264 960 383 1037 Λίθος
403 963 594 1045 κοράλιος.
617 964 665 1025 καί
689 963 794 1025 τοῦτόν
810 986 887 1047 φασι
910 965 990 1046 πρὸς
1011 962 1147 1039 ἀσπίδας
1164 967 1308 1048 μάλιστα

179 1072 229 1135 καὶ
250 1076 329 1156 πρὸς
343 1071 483 1135 ἀσπίδων
498 1074 642 1160 δήχματα
651 1074 893 1161 χρησιμώτατον
916 1075 964 1135 καὶ
979 1073 1191 1157 ἀποτρόπαιον
1213 1074 1304 1138 εἷναι.

178 1181 353 1266 θαυμάσιον
375 1184 411 1246 δὲ
433 1183 497 1245 οἷον
520 1184 682 1266 ἱστοροῦσι
703 1184 774 1268 περὶ
795 1184 907 1247 αὐτοῦ·
930 1182 965 1246 ἐκ
979 1185 1040 1268 γὰρ
1061 1184 1171 1267 ἑτέρου
1195 1185 1303 1260 εἴδους

179 1297 258 1380 πρὸς
280 1293 388 1377 ἕτερον
408 1294 656 1380 μεταφέρεσθαι.
679 1297 808 1384 χλωρήν
833 1295 891 1378 μὲν
921 1296 982 1378 γὰρ
1010 1300 1134 1378 πρῶτον
1159 1295 1302 1382 βοτάνην
1330 1335 1333 1340 ·

179 1402 317 1488 petitorias
338 1407 387 1468 καὶ
408 1406 482 1468 οὐδὲ
503 1408 536 1469 ἐν
559 1409 597 1491 τῇ
617 1408 738 1493 χέρσῳ,
761 1406 830 1469 ἀλλ’
853 1405 886 1468 ἐν
907 1409 950 1492 τῇ
963 1405 1121 1492 θαλάσση,
1144 1405 1228 1468 καθὰ
1251 1408 1302 1469 καὶ

129 1522 162 1573 10
181 1515 217 1578 τά
241 1515 338 1599 βρύα.
362 1519 441 1601 πρὸς
462 1517 498 1578 δὲ
521 1520 554 1578 τὸ
578 1522 679 1602 χήρας
700 1519 836 1603 ήκουσαν
859 1518 908 1579 καί
926 1517 1158 1602 μαραινομένην
1182 1519 1218 1578 τὰ
1239 1516 1300 1598 μὲν

179 1625 279 1710 φύλλα
302 1626 582 1709 περιμαραίνεσθαί
601 1650 635 1689 τε
658 1629 705 1689 καὶ
727 1630 907 1711 καταρρεῖν·
930 1627 1024 1714 αῦτήν
1047 1627 1135 1689 δὲέν
1158 1629 1220 1699 τοῖς
1241 1625 1302 1707 βά·

179 1735 250 1801 θεσι
272 1735 422 1824 νήχεσθαι
444 1737 600 1822 ἐλαφρήν,
623 1738 733 1824 μέχρις
759 1737 797 1799 δν
826 1740 905 1821 πρὸς
932 1740 985 1824 τήν
1008 1737 1127 1825 χέρσον
1153 1737 1211 1799 ὑπὸ
1236 1741 1303 1798 τῶν

179 1958 312 2046 πλησθῇ,
336 1958 539 2045 ξηραίνεσθαι
560 1960 609 2022 καὶ
625 1959 833 2043 στερεοῦσθαι
845 1960 976 2041 μᾶλλον·
999 1956 1240 2045 έχχρανίζουσαν
1263 1958 1303 2020 δὲ

129 2075 161 2125 15
179 2068 270 2131 πλέον
292 2069 547 2154 άποπετροῦσθαι
569 2070 618 2132 καὶ
640 2074 705 2146 τοῖς
721 2070 814 2158 χερσί
843 2068 1028 2155 τριβομένην
1059 2068 1184 2144 τελείως
1211 2067 1301 2130 λίθον

181 2179 382 2263 εὑρίσκεσθαι
391 2194 403 2215 ·’
422 2183 456 2242 τὸ
480 2179 515 2242 δὲ
538 2184 641 2266 σχῆμα
664 2181 826 2262 φυλάττειν
854 2183 888 2242 τὸ
910 2179 948 2252 ἐξ
968 2181 1076 2268 ἀρχῆς,
1099 2179 1164 2242 οἷον
1185 2181 1240 2242 ὅτε
1261 2179 1303 2268 ήν

178 2288 308 2374 βοτάνη,
332 2294 393 2350 τῶν
417 2313 451 2351 τε
473 2290 595 2351 κλάδων
610 2292 659 2353 καὶ
674 2293 727 2351 τοῦ
743 2291 863 2374 φλοιοῦ,
880 2291 929 2352 καὶ
944 2290 1019 2353 εἶναι
1035 2287 1207 2374 καθαπερεὶ
1223 2290 1306 2374 θάμ-

180 2420 231 2460 νον
246 2396 266 2485 ή
283 2398 334 2460 καί
349 2389 665 2483 δενδρύφιονλίθινον
687 2399 836 2482 ἀκριβῶς,
853 2401 999 2463 ὥστεκαὶ
1015 2400 1123 2484 τέρψιν
1140 2399 1220 2486 ἔχειν
1237 2404 1302 2474 τοῖς

180 2507 351 2593 θεωμένοις
373 2510 429 2572 οὐκ
449 2509 568 2597 ἄχαριν.
592 2510 715 2592 λέγουσι
738 2512 773 2572 δὲ
795 2511 882 2596 αῦτη)
899 2513 948 2574 καὶ
964 2509 1075 2593 ἑτέρας
1091 2511 1173 2582 τινὰς
1187 2509 1306 2574 ἐνεῖναι

127 2617 266 2694 νοθείας
294 2621 456 2703 δυνάμεις·
487 2619 522 2682 ἔκ
550 2643 584 2683 τε
612 2621 671 2704 χὰρ
701 2620 854 2701 πολεμίων
888 2622 938 2685 καὶ
964 2613 1068 2709 μάχης
1097 2619 1227 2705 ἀβλαβῆ
1250 2624 1304 2682 τὸν

180 2733 339 2814 φοροῦντα
365 2730 630 2815 διαφυλάττεσθαι
652 2733 701 2794 καὶ
719 2732 842 2815 μακρὰν
871 2730 907 2793 δέ
930 2754 984 2793 τινι
1006 2732 1055 2793 καὶ
1076 2729 1194 2817 ἔρημον
1217 2731 1306 2794 στελ-

178 2838 301 2924 λομένῳ
325 2843 462 2923 πορείαν,
479 2845 526 2904 καὶ
543 2843 751 2930 φυλακτήριον
774 2842 849 2905 εἶναι
865 2844 914 2906 καί
930 2843 1042 2914 παντὸς
1059 2844 1152 2903 κακοῦ
1169 2842 1305 2926 ἀποτρά-

248 3027 267 3078 5
287 3028 313 3079 A
329 3027 421 3080 coralii
440 3026 618 3095 descriptione
635 3029 730 3095 incipit
750 3028 855 3082 libellus
872 3033 963 3082 noster
981 3029 1008 3080 in
1027 3029 1067 3092 Α,
1084 3027 1201 3094 priorem
1217 3028 1305 3082 libelli

177 3121 282 3184 partem
299 3115 327 3166 in
346 3114 437 3167 codice
455 3113 569 3181 pessime
587 3114 669 3181 ligeto
687 3115 806 3168 invenire
824 3132 877 3169 non
895 3116 979 3183 potui.
997 3148 1031 3155 —
1056 3118 1075 3167 ὁ
1096 3114 1197 3168 ἀσπίδα
1216 3115 1250 3168 A
1267 3143 1303 3153 —

178 3201 198 3253 6
216 3204 259 3253 καὶ
279 3203 336 3259 τοῖς
353 3201 442 3251 αὐτῶν
461 3200 593 3270 δήγμασιν
613 3203 646 3264 Δ,
671 3202 717 3269 qui
737 3215 851 3269 sequens
864 3202 1077 3274 χρησιμώτατον
1098 3201 1205 3255 omittit.
1223 3231 1259 3241 -
1283 3201 1305 3252 7

178 3283 233 3337 οἷον
251 3284 353 3350 scripsi,
372 3285 430 3337 οἷον
443 3284 504 3348 BV,
523 3305 548 3336 τι
567 3288 599 3339 A.
617 3316 650 3325 —-
670 3287 689 3338 7
708 3287 805 3339 τούτου
818 3289 850 3340 Α.
867 3320 901 3328 -
922 3288 943 3338 8
960 3286 1015 3356 χδρ
1034 3303 1083 3341 om.
1102 3288 1139 3354 Β,
1164 3319 1187 3325 -
1208 3285 1305 3354 θφαί-

179 3370 276 3420 νεσθαι
293 3368 329 3424 Β,
349 3368 395 3419 οὐκ
414 3371 453 3430 Α,
474 3370 535 3420 ἀλλ’
554 3369 582 3419 ἐν
601 3373 661 3429 ταῖς
678 3371 854 3429 θαλασσαίοις
871 3373 903 3425 A.
921 3403 956 3411 -
973 3374 1007 3424 10
1024 3373 1079 3441 γὰρ
1097 3388 1146 3440 pro
1164 3373 1196 3442 τῦ
1214 3374 1307 3440 χήρας

178 3454 214 3521 Α,
231 3455 434 3522 μαραινομένης
451 3456 483 3506 A.
503 3485 534 3493 -—
555 3457 582 3505 11
601 3474 632 3507 τε
650 3473 701 3510 om.
719 3456 789 3518 AB;
812 3457 977 3522 καταβαλεῖν
997 3461 1034 3524 V3
1058 3457 1128 3508 αὐτὰ
1150 3460 1182 3518 Β;
1201 3457 1304 3526 irem.

178 3543 210 3594 A.
232 3572 260 3580 -
279 3541 313 3592 13
331 3541 397 3592 ὅταν
416 3541 446 3592 δὲ
463 3541 493 3594 Β.
507 3573 535 3581 -
549 3543 584 3593 14
601 3544 764 3613 ἐχχρονίζων
783 3543 815 3594 A.
838 3574 865 3581 -
888 3543 921 3594 15
941 3543 983 3596 πλ.
1003 3537 1194 3610 ἀπευρύμενος
1210 3540 1254 3593 καί
1271 3528 1301 3591 ἐν

179 3630 238 3687 ταῖς
263 3646 289 3698 χ.
311 3627 469 3693 τριβόμενος
488 3627 523 3692 Β,
545 3628 622 3678 τελεῖ
637 3628 706 3687 ὡςΒ
741 3659 769 3666 -
796 3628 830 3678 16
848 3627 1031 3695 φυλάττειν,
1059 3627 1116 3680 οἷον
1140 3629 1183 3679 ὅτι
1204 3604 1304 3695 καλήν

179 3716 212 3778 A,
229 3746 262 3754 —
281 3715 315 3766 17
334 3715 420 3766 τῶνδε
438 3715 476 3766 κλ.
495 3718 533 3780 Α,
557 3713 605 3765 τὸν
624 3733 654 3766 τε
673 3713 771 3766 κλάδον
785 3715 814 3767 Β.
836 3747 865 3753 -
885 3717 919 3766 18
938 3714 1098 3782 δενδρύφιον
1118 3711 1227 3781 scripsi3
1245 3713 1307 3764 δεν·

179 3799 278 3866 δρίλιον
291 3801 324 3866 V,
343 3800 501 3867 δενδρυδιον
520 3800 579 3867 (sic)
598 3800 629 3868 Β,
648 3802 772 3868 δενδρίον
789 3806 825 3867 Α,
843 3801 943 3853 λίθινον
963 3817 1014 3855 om.
1033 3800 1064 3854 Β.
1083 3829 1114 3838 -
1136 3799 1227 3852 18.19
1247 3803 1309 3858 τοῖς

179 3885 328 3946 θεωμένοις
346 3902 396 3939 0111.
415 3884 452 3950 Β,
475 3883 558 3956 άχαρι
574 3884 605 3937 V.
628 3916 662 3925 -
685 3887 718 3938 19
738 3887 820 3938 αὐτόν
839 3888 872 3941 V.
895 3917 929 3924 —
954 3886 1064 3938 21-22
1082 3885 1125 3936 καί
1141 3883 1251 3951 μακράν
1272 3915 1306 3925 -

180 3968 311 4022 εἷναιοῐῐι.
325 3971 357 4022 Α.
372 4003 401 4010 -
417 3972 450 4022 21
467 3973 575 4040 μακράν
594 3990 654 4023 τινα
672 3972 715 4023 καὶ
728 3972 761 4034 Β,
779 3972 839 4025 fort.
858 3977 939 4024 recte.
951 4003 985 4010 -
1004 3972 1048 4023 21.
1061 3971 1102 4021 22
1122 3968 1323 4047 στελλόμενος,

180 4056 210 4108 Β.
233 4087 259 4094 -
281 4055 322 4105 22
339 4055 383 4105 καὶ
400 4061 461 4122 post
479 4074 541 4123 πορ.
561 4072 610 4110 om.
629 4056 666 4124 Β,
685 4057 754 4109 εἶναι
771 4073 822 4110 om,
842 4057 872 4110 B.
