2866 4620
598 301 811 363 ..96-

147 515 182 525 -
208 499 250 538 rr.
269 485 420 539 eet-632
445 482 564 550 gravitm
588 489 730 550 corruptos
758 498 817 537 esse
843 499 935 538 omnes
960 483 1089 538 intentur.
1118 485 1197 553 ἡνίκα
1221 501 1267 554 pro

148 568 257 623 οὕνεκεν
280 568 309 621 in
329 583 354 620 ν.
372 570 423 621 631
442 567 511 621 coni.
529 567 645 633 Gesner3
667 567 772 635 syren
792 568 881 622 locum
903 568 943 623 sic
966 569 1118 622 constitnit:
1146 566 1179 620 Εῖ
1200 568 1268 629 Ζεὺς

148 651 225 706 οὗτοι
241 652 290 705 τόν
305 671 340 720 γε
356 652 494 717 flauniaco
513 653 670 720 ἀρνήσαιτο.
696 649 771 704 itud
789 656 859 712 νοεῖς
876 653 911 703 οὐ
928 657 1025 723 τεῇοιν
1042 654 1083 705 tvi
1100 654 1210 721 φρεσίν,
1226 655 1267 706 οῦ·

149 755 224 792 νων
243 735 274 790 εἴ
286 755 326 807 τῳ
341 737 413 804 ῥῆξε
430 735 503 788 λίνον
521 732 635 804 Κλωθώ,
655 736 724 805 τῷδ’
742 736 856 807 ἔρχεται
873 735 990 791 ὕπατον
1008 738 1093 808 ἦμαρ.
1121 738 1198 791 »Nisi
1214 738 1266 806 qni-

148 822 210 876 dem
227 821 332 888 Iupiter
354 819 429 872 illum
446 819 537 873 vivere
554 819 672 887 negabit
707 820 761 873 Sed
783 821 853 874 nosti
874 827 905 874 tu
922 821 950 873 in
967 821 1055 874 animo
1073 829 1136 889 tuo,
1158 821 1267 889 quodsi

149 907 192 960 curi
209 905 314 972 ruperit
330 903 404 957 iilum
423 903 533 968 Clotho,
557 904 621 958 huic
642 904 716 957 venit
739 904 833 958 ultime
854 905 936 958 dies«.
971 905 1048 959 Haec
1069 905 1176 974 'lprwh
1195 938 1230 949 -
1244 907 1268 958 el

149 988 219 1049 Ζεὺς
235 990 270 1042 οὐ
287 991 362 1042 τοῖόν
378 1006 412 1057 γε
428 988 567 1053 ,emerere
585 989 727 1059 ἀρήσοντο,
744 990 787 1042 vel
804 989 939 1044 contrario
954 1005 1034 1043 sensu
1052 991 1211 1060 ἀρνὴοοπο,
1228 993 1267 1046 rel

149 1075 223 1135 οἰζύς
240 1075 270 1126 τ’
288 1104 320 1114 -
338 1075 403 1128 dm
426 1091 473 1125 κεν
495 1075 570 1144 αὐτῷ
589 1075 657 1128 coni
676 1073 778 1142 hiusgr.
813 1072 980 1140 improbavit
998 1074 1067 1128 hnec
1082 1075 1177 1129 Herm.
1193 1077 1267 1130 etot

148 1160 284 1215 soloecum
302 1159 327 1210 sl
344 1159 376 1210 ot
393 1159 422 1212 in
440 1159 581 1227 Tyrwhitti
599 1159 703 1227 pariter
722 1175 756 1212 ao
773 1158 922 1226 hiusgruvii
939 1159 1135 1222 emendatione,
1152 1167 1183 1214 et
1200 1161 1267 1230 quod

148 1260 198 1311 pro
217 1243 284 1296 ἀλλὰ
303 1246 373 1303 νοεῖς
391 1245 425 1296 σὺ
448 1247 544 1312 τεῇοιν
564 1244 605 1295 eat
621 1245 719 1311 φρεσίν
742 1242 919 1297 conveniebat
940 1243 1030 1296 dicere
1052 1245 1097 1295 zoi
1114 1245 1203 1304 νοέεις
1217 1245 1266 1312 γὰρ

148 1334 230 1400 σῇσιν
248 1331 289 1382 tvl
306 1332 418 1398 φρεσίν,
441 1329 518 1383 cuius
536 1328 595 1383 loco
612 1343 706 1382 rursus
722 1327 794 1381 Wiel
811 1345 837 1395 p.
858 1330 889 1381 17
910 1328 1014 1381 auctori
1031 1328 1078 1378 zai
1090 1330 1130 1396 ῥα
1147 1334 1220 1390 νοεῖς
1235 1332 1269 1381 οὺ

148 1420 242 1486 repro
261 1415 301 1466 ἐνὶ
319 1415 417 1484 φρεσίν
435 1412 605 1467 tribuendum
618 1413 700 1466 misse
711 1413 788 1480 dixit,
808 1428 905 1479 equum
922 1412 967 1465 hic
983 1412 1098 1480 scriptor
1114 1413 1214 1467 thesim
1230 1429 1267 1467 se

148 1499 229 1554 cundi
247 1499 359 1566 spondei
384 1498 516 1566 positione
539 1498 697 1565 productam
718 1513 780 1551 raro
802 1497 965 1550 admiserit«.
999 1497 1094 1564 Neque
1111 1512 1147 1550 cx
1164 1498 1265 1552 Moschi

148 1583 251 1637 scholio
264 1584 406 1653 Tyrwhitti
418 1583 628 1637 emendationem
641 1580 671 1634 εἴ
677 1602 716 1653 τῳ
728 1581 827 1636 firmari
839 1598 918 1649 posse
927 1583 1018 1635 Herm
1027 1581 1152 1646 credidit,
1164 1583 1267 1637 Moschi

149 1665 220 1718 enim
237 1665 358 1720 scholion
376 1682 445 1720 »non
462 1666 549 1719 minus
566 1667 594 1718 in
605 1665 741 1733 vulgatum
758 1665 881 1732 quadret,
899 1665 922 1717 si
939 1666 1047 1732 quidem
1064 1680 1172 1720 sensum
1190 1668 1265 1720 huius

148 1749 201 1803 loci
219 1766 273 1804 non
291 1751 397 1819 singula
412 1750 495 1804 verbe
511 1750 683 1818 interpretari
700 1749 857 1803 scholiastes
876 1749 968 1803 voluit
1003 1749 1072 1803 Nam
1095 1767 1167 1818 quae
1188 1757 1267 1820 poeta

149 1833 229 1902 dicit,
246 1835 339 1889 eadem
357 1842 433 1889 sunt:
462 1834 532 1902 νόει,
556 1833 664 1886 οὕνεκεν
682 1834 756 1904 αὐτῷ
775 1832 848 1903 ῥῆξε
868 1834 938 1885 λίνον
957 1830 1074 1886 Κλωθώ·
1092 1841 1132 1904 τῷ
1152 1837 1181 1887 δ’
1200 1838 1229 1904 (i.
1246 1853 1266 1891 e.

149 1914 172 1989 qi
189 1918 259 1989 ῥῆξε
278 1920 350 1972 λίνον
366 1915 484 1984 Κλωθώ)
503 1918 614 1990 ἔρχεται
631 1918 747 1971 ὕστατον
759 1918 843 1988 ἦμαρ.
861 1918 952 1971 Herm.
969 1919 1027 1985 ipse
1044 1916 1078 1970 El
1095 1919 1126 1970 δὲ
1144 1919 1216 1980 Ζεύς
1230 1940 1268 1972 τοι

150 2006 231 2072 τόνγε
248 2004 277 2070 β,
296 2005 356 2073 ἀρν.
376 2003 444 2055 ἀλλὰ
464 2003 521 2054 νόει
541 2003 576 2055 σὺ
593 2022 618 2055 τ.
636 2004 657 2055 ἐ.
675 2020 722 2071 φρ.
740 2000 847 2054 οὕνεκεν
872 2003 948 2071 αὐτῷ
971 2000 1042 2069 ῥῆξε
1059 2003 1130 2054 λίνον
1149 2001 1266 2058 Klete·

149 2093 190 2159 τῷ
213 2088 239 2141 d'
260 2087 371 2159 ἔρχεται
395 2085 507 2139 ὕστατον
530 2086 606 2154 ἦμαρ
629 2086 748 2153 scripsit,
771 2085 844 2152 quod
861 2085 954 2138 vertit:
982 2083 1076 2151 »Quod
1093 2087 1116 2139 si
1133 2088 1207 2143 hunc
1223 2090 1270 2142 tibi

149 2173 256 2240 negarit
273 2173 362 2225 vivere
380 2169 446 2223 deus
464 2175 493 2224 at
510 2177 541 2223 tu
559 2177 657 2238 reputa
673 2169 746 2223 iilum
765 2171 790 2223 ei
807 2171 912 2238 rupisse
931 2169 1040 2224 Clotho:
1063 2171 1127 2224 huic
1145 2187 1209 2228 vero
1227 2190 1267 2228 su·

149 2271 269 2323 premam
287 2255 381 2309 edesse
398 2254 500 2318 diemo,
519 2260 600 2322 atque
618 2262 646 2307 et
664 2269 725 2307 cnm
742 2253 967 2322 praecedentibus
987 2260 1015 2308 et
1031 2269 1092 2308 cnm
1110 2255 1178 2325 illis,
1201 2273 1266 2326 quae

148 2345 245 2406 postea
261 2339 394 2406 dicuntur,
413 2337 438 2389 el
456 2339 487 2390 δὲ
504 2338 714 2407 πυριφλεγέοον
732 2339 869 2406 aptissime
887 2339 1031 2392 cohaerere
1048 2339 1124 2392 dixit.
1152 2341 1184 2394 ln
1202 2343 1267 2397 Her·

149 2422 240 2476 menni
256 2422 440 2477 emendatione
453 2423 646 2490 acquieverunt
657 2421 813 2490 Bernhardy
829 2428 856 2475 et
874 2421 1040 2486 Seidenadel,
1058 2423 1109 2476 nisi
1128 2425 1202 2492 qnod
1223 2426 1268 2480 ille

150 2507 175 2559 el
195 2507 225 2559 δὲ
242 2508 310 2566 θεός
327 2507 365 2574 (in
382 2507 452 2560 Hist.
470 2506 520 2559 litt.
539 2523 578 2575 gr.
596 2507 623 2559 ll
641 2523 668 2575 p.
679 2509 750 2574 361),
767 2506 812 2560 hic
829 2513 919 2560 sutem
937 2511 975 2574 (p.
992 2511 1020 2572 8)
1038 2509 1064 2559 el
1080 2509 1111 2560 δὲ
1128 2508 1204 2570 λίθος
1220 2527 1265 2579 pro

150 2591 176 2642 εῖ
194 2591 224 2643 δὲ
242 2590 314 2652 Ζεύς
331 2593 452 2647 coniecit.
479 2590 645 2659 Improbarit
665 2606 726 2645 eam
748 2589 817 2645 Wiel
828 2607 855 2658 p.
870 2593 901 2644 17
919 2590 953 2644 ob
972 2592 1183 2648 ratiocinationis
1201 2609 1266 2664 quoe

149 2676 178 2729 in
195 2690 229 2729 ea
246 2677 316 2730 inest
333 2676 510 2731 debilitatem:
531 2675 744 2730 »Sententiarum
763 2676 834 2730 enim
852 2675 934 2729 series
952 2677 1043 2729 existit
1059 2677 1142 2731 haec:
1159 2680 1269 2733 Ache·

148 2766 203 2812 tes
226 2761 377 2814 medetur
403 2764 678 2831 aegrotantibus3
705 2765 733 2818 si
756 2769 869 2817 autem
896 2763 979 2817 dens
1003 2765 1189 2831 negaverit
1211 2780 1269 2820 eos

149 2842 283 2907 vivere,
302 2845 446 2901 achates
464 2848 493 2901 ei
510 2864 574 2902 non
592 2849 800 2910 medebitur;
816 2848 971 2901 medetur
987 2853 1099 2901 autem
1117 2848 1269 2904 febribus

150 2926 462 2998 qualibuscunque.
496 2929 575 2996 Quod
598 2931 705 2998 quidem
728 2930 840 2999 perinde
864 2935 906 2984 est
924 2931 1038 2998 dictum,
1060 2946 1092 2984 ac
1114 2933 1137 2985 si
1162 2933 1268 2988 deorum

148 3015 270 3078 potestas
286 3012 315 3065 in
333 3028 378 3067 eos
396 3015 441 3083 qui
459 3014 577 3068 lebribus
594 3014 719 3069 laborant
734 3015 808 3069 nulla
820 3016 864 3083 sit,
883 3016 930 3069 sed
944 3016 1032 3069 febres
1043 3016 1085 3069 vel
1103 3025 1199 3072 contra
1211 3019 1272 3073 deo·

151 3110 211 3149 rum
228 3095 394 3151 voluntatem
417 3099 530 3152 achatae
553 3113 605 3167 ope
627 3100 691 3168 pelli
713 3100 824 3168 possint.
861 3101 936 3167 Quae
957 3100 1135 3154 ratiocinandi
1160 3103 1269 3158 confusa

150 3179 290 3236 infirmitas
306 3198 360 3236 non
378 3182 448 3250 fugit
459 3182 627 3253 Bernhardyi
640 3200 761 3253 acumen,
779 3185 825 3253 qni
838 3226 844 3238 .
856 3226 862 3237 .
873 3227 879 3237 .
890 3185 949 3237 iure
967 3200 1027 3239 eam
1039 3186 1208 3255 perstrinxit,
1224 3187 1269 3241 sed

149 3264 290 3333 immerito,
308 3271 383 3334 puto,
400 3271 498 3335 poetae
510 3267 660 3335 imputavit,
677 3285 694 3322 a
711 3284 763 3336 quo
776 3268 841 3338 quid
863 3269 991 3336 scriptum
1008 3269 1091 3322 fuerit
1108 3286 1142 3323 ne
1154 3272 1272 3326 sciamus

149 3346 269 3415 quidem,
287 3350 351 3417 quin
369 3351 423 3405 imo
440 3351 509 3404 haec
526 3352 586 3420 ipsa
603 3353 795 3406 sententiarum
813 3353 981 3420 perturbatio
1001 3354 1139 3420 postulare
1156 3355 1268 3422 videtur,

149 3446 183 3485 ne
200 3431 289 3486 locum
311 3435 397 3502 qualis
419 3450 490 3488 nunc
513 3434 613 3504 legitur
630 3453 646 3490 a
663 3443 745 3503 poeta
762 3451 820 3490 esse
846 3437 1051 3491 existimemus«.
1086 3438 1218 3495 Sericum
1236 3455 1272 3494 ex

149 3515 184 3570 iis
202 3531 271 3584 quae
288 3517 324 3570 ad
343 3524 488 3586 sequentes
499 3535 591 3574 versus
607 3520 725 3585 afferam,
745 3521 849 3574 eluceat
866 3521 929 3574 inde
947 3538 963 3575 u
980 3539 1005 3576 ν.
1017 3526 1067 3576 635
1084 3539 1138 3577 non
1156 3525 1269 3593 amplius

149 3599 183 3654 de
200 3601 297 3655 achnte
315 3601 479 3667 leontodere‚
497 3605 545 3659 sed
562 3605 595 3658 de
610 3605 763 3659 anticchate
778 3607 832 3672 egi,
850 3606 922 3659 eadit
945 3606 1030 3660 solum
1050 3608 1176 3662 confusae
1188 3610 1272 3662 ratio-

149 3684 256 3739 cinandi
272 3684 434 3741 infirmitatis
451 3693 647 3756 argumentum,
666 3687 738 3755 quod
756 3694 849 3742 contra
866 3688 1014 3742 Hermunni
1032 3689 1215 3745 coniecturam
1230 3693 1268 3744 af·

149 3768 200 3823 ieri
218 3776 340 3838 poterat;
358 3788 417 3826 eam
434 3787 498 3840 ergo
517 3772 622 3839 recepi,
639 3773 757 3840 reposito
776 3774 857 3826 etiam
875 3789 909 3826 ex
926 3776 952 3827 A
971 3774 1121 3842 ἀρνήσητοι
1140 3780 1183 3842 et,
1207 3775 1268 3828 licet

150 3851 315 3917 dubitanter,
333 3857 366 3907 τὸ
385 3857 458 3908 δέκ’
477 3855 597 3927 ἔρχεται.
631 3855 704 3908 Wiel
723 3874 750 3924 p.
771 3863 802 3913 18
820 3858 857 3910 sio
875 3857 976 3925 pergit:
1005 3859 1110 3925 uritque
1129 3874 1212 3926 quum
1229 3874 1269 3913 ce·

149 3941 222 3989 teros
242 3936 344 4005 lapides
366 3954 419 3993 non
442 3939 477 3992 ed
501 3955 578 3994 omne
600 3940 752 3994 morborum
774 3957 859 4009 genus
881 3943 971 3996 valere
994 3949 1114 4010 enarret,
1138 3943 1166 3997 id
1184 3959 1218 3996 ne
1236 3942 1268 3995 de

150 4017 246 4074 achate
264 4020 372 4088 quidem
389 4038 450 4077 eum
468 4024 628 4078 contendere
646 4023 715 4078 velle
738 4040 789 4091 par
805 4031 860 4079 est:
884 4026 947 4095 quid
965 4027 1061 4095 igitur,
1085 4028 1107 4080 si
1125 4028 1196 4082 hanc
1214 4043 1275 4082 sen·
