2866 4620
610 292 821 355 -97-

149 474 299 533 tentiam
322 475 419 531 seriam
442 475 526 531 inisse
549 474 693 545 tingamus:
721 478 778 546 qul
802 481 989 545 aegrotans
1014 476 1161 531 achaten
1183 491 1279 533 mann

149 559 327 628 tennerit,
352 560 548 623 sanabitnn
574 576 671 629 quem
697 567 810 615 ontem
833 561 979 615 hicnon
1003 561 1154 624 sanabit,
1178 562 1207 615 ia
1229 576 1279 617 sa·

149 644 226 701 nari
241 643 378 701 omnino
395 659 460 699 non
476 651 610 713 potcst3
633 645 748 699 febres
764 652 876 700 antem
894 652 994 699 senat
1011 660 1137 708 omnese
1161 661 1214 715 quo
1232 661 1279 714 pc·

150 728 203 785 {llo
219 728 288 799 quid
308 734 351 783 est
372 728 460 783 16111118
477 745 558 798 quam
580 731 619 783 sic
640 730 771 785 scribere:
801 730 930 799 νητεστὸς
953 750 994 783 τοι
1017 734 1062 786 τόν
1087 749 1118 784 za
1141 731 1278 796 βιινσὲμαν

151 814 307 885 ἐμήσαντο
322 813 379 869 aive
404 816 537 885 νηκτστός
559 816 588 867 δ’
605 814 654 883 ὅγε
671 815 717 867 τόν
736 832 778 882 νε;
802 814 870 867 ἀλλὰ
894 822 983 869 antem
1007 818 1034 869 in
1053 824 1182 885 sequente
1199 830 1279 870 versu

150 899 275 955 dmiliter
289 900 408 969 positam
426 906 476 965 eat,
494 904 525 953 ut
542 900 700 954 heduorum
718 900 868 953 atenim:
892 899 935 953 Sic
953 901 1043 955 omnis
1060 901 1135 955 vides
1152 900 1232 971 plone
1251 906 1280 955 et

151 984 290 1055 expedite,
308 998 396 1053 neom
413 986 495 1039 etiam
512 985 637 1054 exempla
654 984 759 1051 desunt,
777 986 875 1054 quibus
887 986 1100 1040 honorationem
1112 1001 1203 1040 veram
1221 1000 1279 1041 esse

150 1084 283 1139 perquam
304 1068 337 1123 lit
358 1069 504 1137 probabile.
540 1069 636 1137 ltaque
658 1070 795 1123 Maximus
818 1086 844 1123 v.
861 1074 923 1125 216.
947 1070 1037 1137 {immo
1055 1072 1116 1139 246]
1143 1070 1278 1142 ὑδροχόον

150 1156 180 1207 δ’
197 1154 342 1223 mon
359 1154 520 1223 φαεσφόρος
537 1155 687 1224 elfridam
701 1160 706 1221 1
722 1151 805 1214 ἄλλος
824 1155 874 1217 μὲν
888 1156 1004 1215 νούσους
1020 1156 1137 1225 ἰήσεται·
1156 1158 1182 1209 el
1200 1157 1231 1208 δι’
1248 1172 1279 1206 τι

149 1238 287 1309 κρεῖσσον
302 1240 409 1311 Ιγρσιο)
421 1238 552 1309 ἀναγκαίη
565 1256 598 1291 σε
608 1239 736 1309 βιήσεται
757 1240 820 1291 αἰνὰ
839 1240 966 1292 παθόντα
981 1242 985 1307 Ι
1006 1241 1143 1309 ἀργαλέου
1161 1242 1279 1309 ὑδέροιο,

150 1322 215 1377 τότ’
236 1320 273 1375 αὖ
292 1324 428 1393 κακότητα
450 1324 620 1391 epdomadas.
643 1325 759 1377 Brunck.
781 1325 849 1379 ancl.
870 1339 958 1393 graec.
978 1325 990 1377 l
1013 1340 1039 1393 p.
1058 1328 1091 1380 ll'l
1198 1326 1232 1377 τὰ
1248 1326 1279 1377 di

149 1406 273 1479 Memfi
289 1408 400 1468 πόντιος
414 1410 419 1477 Ι
434 1406 501 1461 οὔτε
518 1424 559 1467 τις
576 1406 670 1466 οἰωνὸς
686 1408 804 1477 ῥύσεται
822 1406 889 1459 οὔθ’
907 1408 981 1477 ἱερά,
1001 1410 1006 1477 Ι
1030 1408 1096 1461 οὔθ’
1114 1411 1140 1461 oi
1157 1414 1279 1469 παιῶνας

151 1492 371 1562 πολυφαρμάκου
390 1492 472 1563 ἔργον
492 1491 605 1563 ἔχοντες
624 1494 629 1561 Ι
653 1493 754 1561 ἰητροί,
776 1495 819 1545 καὶ
837 1496 896 1554 τοῖς
914 1494 993 1545 οὐδὲν
1012 1494 1106 1547 ἔπεστι
1124 1493 1224 1554 cclcc«.
1244 1526 1277 1533 -

150 1579 217 1634 Post
232 1577 262 1631 11.
278 1594 303 1632 v.
323 1577 418 1632 titulus
440 1576 482 1629 dre
504 1578 570 1646 περὶ
594 1580 642 1628 τοῦ
666 1578 771 1647 ἀχάταυ
794 1578 821 1631 in
846 1579 965 1632 BPPsl.
989 1579 1043 1644 (hie
1061 1584 1109 1632 τοῦ
1126 1583 1189 1647 0111.)
1207 1580 1233 1629 V
1251 1586 1280 1631 et

151 1662 212 1719 edd
229 1668 294 1717 ante
310 1663 426 1732 Tyrrh,
444 1662 530 1716 lineae
549 1662 667 1730 spatium
684 1678 799 1717 vacnum
818 1664 845 1717 in
863 1663 900 1716 Μ.
935 1694 961 1703 -
991 1665 1055 1717 633
1074 1665 1138 1715 οὐδὲ
1155 1662 1232 1718 codd.
1251 1670 1280 1717 et

152 1748 215 1805 edd.
227 1747 414 1817 antel'yrwh.,
428 1748 473 1815 qui
483 1748 613 1815 Stephani
623 1749 804 1801 coniecturam
817 1748 842 1798 el
851 1748 881 1798 δὲ
891 1748 1005 1815 recepit;
1018 1756 1079 1817 post
1088 1749 1153 1801 οὐδὲ
1162 1748 1278 1801 deletum

151 1832 218 1905 :apl
233 1832 262 1887 in
273 1832 311 1899 1³3
332 1832 398 1900 eropi
413 1831 571 1899 plerediwv
588 1832 610 1885 P
628 1838 691 1887 ante
706 1848 783 1898 corr,
798 1833 832 1894 V,
857 1833 1082 1901 rvpaepleyeddwv
1096 1834 1117 1885 l>
1131 1840 1193 1901 post
1210 1848 1278 1887 corr.

151 1916 205 1973 alf
218 1921 247 1971 61
258 1916 360 1970 Dinncr
374 1932 401 1984 p.
412 1920 476 1983 6843
491 1918 613 1980 θαμιζῶν
624 1935 647 1972 a.
661 1948 693 1958 —
706 1918 1010 1986 6641ιο1κροερὸς11
1023 1932 1057 1970 cx
1069 1919 1086 1987 ἢ
1098 1918 1141 1968 xci
1151 1916 1278 1986 κγνύτρος,

151 2002 223 2073 hap.
236 2018 266 2067 ας
278 2002 349 2068 παρ’
361 1998 438 2070 ἅδην,
449 2001 515 2055 nihil
527 2003 649 2069 amplius,
663 2004 695 2070 Α,
708 2004 777 2068 παρ’
790 2000 855 2071 ἅδην
869 2002 958 2070 θείησι
971 2002 1008 2059 Μ.
1028 2004 1097 2069 παρ’
1114 1997 1179 2069 ἅδην
1189 2002 1279 2069 ι9είησι

152 2088 240 2143 BPV
257 2086 319 2154 611,
338 2088 409 2155 παρ’
427 2087 494 2157 ἅδην
512 2089 620 2157 despect
638 2088 703 2155 Pet,
721 2091 791 2157 παρ’
811 2086 876 2155 ἅδην
895 2088 984 2158 deifice
1002 2086 1094 2154 Steph.
1107 2092 1135 2137 et
1146 2084 1204 2137 rell.
1217 2083 1277 2139 odd.

152 2178 216 2227 ante
233 2172 337 2238 Herm,
354 2172 446 2241 θείῃοι
463 2174 534 2240 παρ’
552 2170 619 2243 depo
638 2171 732 2225 moluit
748 2171 853 2239 Tyrwh.
873 2172 927 2223 »At
943 2170 1012 2223 hoec
1028 2169 1111 2223 verbs
1128 2169 1150 2223 si
1168 2174 1279 2237 possent

151 2254 313 2327 significare,
329 2256 494 2318 assentitur,
513 2255 554 2309 ad
571 2255 704 2310 inferos
721 2256 852 2320 mittet,
871 2256 1004 2308 sententio
1016 2255 1200 2322 essetinepto,
1215 2254 1279 2322 quia

152 2340 255 2395 mari
271 2339 412 2408 dicuntur,
433 2340 547 2394 achetae
566 2340 680 2405 anxilio,
703 2340 749 2407 qui
767 2339 825 2393 istis
843 2338 967 2393 laborent
984 2339 1091 2393 morbis.
1127 2338 1227 2393 Verum
1244 2354 1278 2393 ne

153 2430 194 2481 ast
211 2424 321 2493 qnidam
337 2425 389 2479 iste
406 2425 500 2479 horum
518 2425 659 2478 verborum
675 2440 776 2492 sensus,
795 2424 841 2478 sed
859 2424 917 2478 hic:
942 2424 983 2478 od
1000 2425 1120 2479 Orcum
1138 2425 1276 2479 mittete

152 2510 258 2565 Herm.
276 2510 451 2581 παρενήνοθε
462 2510 542 2577 γυίοις
553 2509 744 2563 violentissima
760 2508 907 2562 mutatione
920 2507 1020 2568 Herm,
1039 2510 1115 2576 παρὰ
1134 2510 1182 2577 δὴν
1202 2510 1277 2580 acip-

153 2612 194 2649 σιν
212 2594 281 2649 coni.
299 2593 330 2648 0.
348 2593 494 2648 Schneider
516 2595 543 2646 in
566 2593 777 2647 Nicandreorum
800 2592 885 2659 prael.
904 2608 930 2659 p.
952 2596 1012 2655 126,
1037 2593 1108 2660 quod
1127 2593 1226 2660 triplici
1244 2593 1278 2647 de

152 2694 234 2735 nass
250 2694 305 2733 non
322 2679 425 2747 placuit
441 2679 538 2732 Wielio
559 2694 585 2746 p.
607 2683 654 2745 18,
682 2693 758 2731 »nam
777 2677 825 2745 δήν
844 2676 1049 2744 praecedentem
1068 2678 1187 2733 vocalem
1205 2678 1277 2748 apud

152 2764 244 2835 epicos
254 2764 404 2833 producere
419 2763 487 2818 solet
503 2764 562 2833 {sed
576 2780 628 2818 non
641 2778 753 2830 semper,
765 2777 852 2829 neque
862 2761 934 2829 apud
947 2764 1065 2833 omnes];
1083 2764 1179 2819 deinde
1192 2783 1278 2835 σαρο-

153 2848 220 2902 cale»
236 2864 287 2918 pro
305 2849 471 2916 sanctione,
490 2865 570 2917 quom
589 2850 617 2901 in
634 2849 731 2902 ceteris
750 2848 847 2916 quibus
865 2848 965 2915 legitur
982 2849 1048 2903 locis
1064 2850 1155 2914 hebet,
1173 2851 1218 2905 hic
1230 2852 1278 2904 mi-

151 2934 224 2987 nime
241 2939 336 3001 aptum
353 2939 402 2999 eet,
420 2939 456 2999 et,
479 2934 551 3000 quod
569 2934 713 2987 maximum
732 2941 774 2987 est
793 2932 873 3004 [??],
896 2933 940 2986 hic
957 2934 1072 3000 scriptor
1089 2949 1182 2989 versus
1199 2952 1279 3004 spon·

151 3016 244 3073 diacos
262 3014 467 3083 quadrisyllebis
479 3016 615 3069 vocabulis
628 3016 751 3070 claudere
765 3017 857 3071 solete
877 3017 1103 3087 παραδηΰύνῃσιν
1122 3018 1189 3075 beno
1207 3021 1274 3075 coni.

152 3102 225 3157 Wiel
241 3102 260 3156 l.
271 3102 289 3155 l.
307 3101 405 3156 collato
423 3119 447 3155 v.
464 3106 515 3157 467
532 3102 611 3155 οὔασι
630 3103 781 3173 ὼγθύνοντα
801 3111 828 3157 61
846 3104 956 3159 Maxim.
975 3121 1000 3159 v,
1019 3109 1069 3159 225
1088 3104 1116 3157 εἴ
1129 3123 1176 3156 κεν
1195 3103 1275 3174 δηθύ-

152 3206 215 3263 νῃσι
238 3188 326 3247 νόσος.
344 3187 502 3242 Seidenadel
520 3192 576 3255 pil
593 3188 752 3242 vocabulum
774 3189 857 3257 epicis
878 3204 931 3242 non
948 3189 1075 3242 usitatum
1094 3189 1278 3259 ταρολυτεὶῃ-

151 3292 195 3327 σιν
212 3280 311 3342 poetae
328 3272 471 3327 obtrudere
488 3273 580 3327 voluit.
604 3274 737 3341 Equidem
756 3274 818 3328 olim
837 3275 871 3329 de
888 3275 964 3339 μάλα
980 3276 1033 3343 θην
1052 3275 1158 3345 etipse
1176 3274 1278 3342 cogite·

150 3358 224 3415 bam.
239 3388 273 3398 -
291 3357 354 3410 666
372 3357 448 3412 brevi
465 3357 567 3426 syllobs
584 3358 657 3411 vocis
676 3358 828 3413 trochaicae
846 3360 919 3413 etin
937 3359 1057 3413 vocalem
1076 3360 1198 3413 exeuntis
1216 3374 1278 3428 pro·

151 3444 234 3499 ducta
258 3444 346 3511 (πῆμα
361 3443 465 3512 βροδιῦ
488 3441 606 3497 offensus
630 3451 671 3497 est
688 3444 802 3512 Hilberg
818 3445 846 3497 in
865 3444 932 3499 libro
952 3444 1024 3498 »Dae
1042 3444 1140 3499 Geeeta
1157 3443 1205 3497 der
1223 3450 1277 3497 tro·

151 3528 295 3585 ohdiechen
317 3528 497 3584 Wortlormen
521 3528 557 3581 im
581 3527 763 3596 dactylischen
781 3528 946 3582 Hexameter
967 3529 1021 3582 und
1038 3529 1212 3583 Pentametcr
1229 3528 1278 3581 der

150 3612 302 3671 (incohent
322 3616 404 3681 pit.
422 3643 455 3655 -
473 3612 604 3682 βάρὺΜ;
622 3614 728 3681 μήποτε
746 3612 835 3681 λήγειν
851 3616 946 3665 0111Δ.
967 3644 997 3653 -
1017 3614 1079 3666 636
1098 3614 1277 3678 βουλομέναις

149 3700 190 3769 Δ;
208 3700 277 3753 ἀλλὰ
289 3702 319 3752 ἐν
331 3700 383 3770 ὅτι)
399 3700 462 3766 ail3
480 3699 616 3767 πτλάοησι
628 3700 666 3759 Α;
683 3698 805 3762 μένουσα
818 3698 850 3751 Α.
869 3728 902 3737 -
921 3697 984 3749 637
1002 3698 1082 3749 τόνδε
1100 3697 1165 3764 σύγ’
1180 3697 1276 3752 idonior

150 3784 191 3853 Δ,
214 3786 262 3837 τὸν
286 3784 352 3852 σύγ’
370 3785 502 3855 ἰήσασθαι
524 3784 601 3838 codd.
619 3782 685 3836 dett.
703 3789 731 3835 61
749 3782 808 3837 edd.
815 3804 823 3844 ς
853 3814 884 3822 -
909 3779 979 3835 ἄντί
1000 3782 1105 3853 ἀχάταυ
1122 3787 1161 3850 Δ,
1185 3785 1278 3857 αὐτίχ’

152 3902 259 3975 αχᾰταυ
276 3902 298 3957 Ρ
315 3903 378 3972 alf,
401 3867 589 3973 αὐτικάχάτου
608 3902 639 3970 Β,
659 3902 750 3955 αὐτίκ’
769 3902 871 3974 ἀχάταυ
896 3901 936 3970 [Μ
945 3900 1041 3972 Pelv]
1060 3900 1154 3971 steph.
1172 3910 1201 3957 ei
1218 3903 1277 3959 rell.

150 3987 212 4043 cdd.
248 3988 315 4042 cum
332 3987 373 4056 id,
396 3988 469 4057 quod
491 3988 563 4041 hunc
586 3986 709 4041 achatem
732 3985 860 4040 adversus
884 3986 1048 4053 serpentium
1065 4002 1169 4042 morsus
1186 3989 1277 4043 valere

202 4076 287 4123 aner,
300 4075 382 4127 Orphei
395 4076 489 4118 methica.
1055 4075 1072 4126 7
