<?xml version="1.0" encoding="UTF-8"?>
<!DOCTYPE html PUBLIC "-//W3C//DTD XHTML 1.0 Transitional//EN"
    "http://www.w3.org/TR/xhtml1/DTD/xhtml1-transitional.dtd">
<html xmlns="http://www.w3.org/1999/xhtml" xml:lang="en" lang="en">
 <head>
  <title>
</title>
<meta http-equiv="Content-Type" content="text/html;charset=utf-8" />
  <meta name='ocr-system' content='tesseract 3.04.00' />
  <meta name='ocr-capabilities' content='ocr_page ocr_carea ocr_par ocr_line ocrx_word'/>
</head>
<body>
  <div class='ocr_page' id='page_1' title='image "./orpheilithica00orphgoog_0190.png"; bbox 0 0 2866 4620; ppageno 0'>
   <div class='ocr_carea' id='block_1_1' title="bbox 615 325 849 390">
    <p class='ocr_par' dir='ltr' id='par_1_1' title="bbox 615 325 849 390">
     <span class='ocr_line' id='line_1_1' title="bbox 615 325 849 390; baseline 0.004 -1"><span class='ocrx_word' id='word_1_1' title='bbox 615 325 849 390; x_wconf 82' lang='lat'>-183-</span> 
     </span>
    </p>
   </div>
   <div class='ocr_carea' id='block_1_2' title="bbox 163 506 1322 1003">
    <p class='ocr_par' dir='ltr' id='par_1_2' title="bbox 163 506 1322 1003">
     <span class='ocr_line' id='line_1_2' title="bbox 164 506 1291 595; baseline -0.006 -16"><span class='ocrx_word' id='word_1_2' title='bbox 164 513 317 580; x_wconf 86' lang='lat' dir='ltr'><strong>suasoria</strong></span> <span class='ocrx_word' id='word_1_3' title='bbox 339 533 397 595; x_wconf 90' lang='lat' dir='ltr'><strong>per</strong></span> <span class='ocrx_word' id='word_1_4' title='bbox 418 511 640 578; x_wconf 87' lang='lat' dir='ltr'><strong>necessitatem</strong></span> <span class='ocrx_word' id='word_1_5' title='bbox 667 510 765 575; x_wconf 87' lang='lat' dir='ltr'><strong>efficit</strong></span> <span class='ocrx_word' id='word_1_6' title='bbox 787 530 882 592; x_wconf 89' lang='lat' dir='ltr'><strong>super</strong></span> <span class='ocrx_word' id='word_1_7' title='bbox 904 508 984 574; x_wconf 88' lang='lat' dir='ltr'><strong>alios</strong></span> <span class='ocrx_word' id='word_1_8' title='bbox 1006 507 1142 590; x_wconf 89' lang='lat' dir='ltr'><strong>lapides.</strong></span> <span class='ocrx_word' id='word_1_9' title='bbox 1187 506 1291 592; x_wconf 77' lang='lat' dir='ltr'><strong>Alliga</strong></span> 
     </span>
     <span class='ocr_line' id='line_1_3' title="bbox 167 609 1290 699; baseline -0.006 -18"><span class='ocrx_word' id='word_1_10' title='bbox 167 636 245 699; x_wconf 78' lang='lat' dir='ltr'><strong>ergo</strong></span> <span class='ocrx_word' id='word_1_11' title='bbox 268 613 327 680; x_wconf 93' lang='lat' dir='ltr'><strong>tibi</strong></span> <span class='ocrx_word' id='word_1_12' title='bbox 349 613 506 696; x_wconf 84' lang='lat' dir='ltr'>lapidem,</span> <span class='ocrx_word' id='word_1_13' title='bbox 537 618 570 678; x_wconf 91' lang='lat' dir='ltr'><strong>et</strong></span> <span class='ocrx_word' id='word_1_14' title='bbox 591 612 682 677; x_wconf 87' lang='lat' dir='ltr'><strong>vadis</strong></span> <span class='ocrx_word' id='word_1_15' title='bbox 709 610 752 675; x_wconf 92' lang='lat' dir='ltr'><strong>ad</strong></span> <span class='ocrx_word' id='word_1_16' title='bbox 772 631 890 694; x_wconf 88' lang='lat' dir='ltr'><strong>pueros</strong></span> <span class='ocrx_word' id='word_1_17' title='bbox 911 610 977 676; x_wconf 89' lang='lat' dir='ltr'><strong>sive</strong></span> <span class='ocrx_word' id='word_1_18' title='bbox 999 610 1043 674; x_wconf 88' lang='lat' dir='ltr'><strong>ad</strong></span> <span class='ocrx_word' id='word_1_19' title='bbox 1065 609 1229 688; x_wconf 82' lang='lat' dir='ltr'><strong>feminam,</strong></span> <span class='ocrx_word' id='word_1_20' title='bbox 1257 616 1290 675; x_wconf 88' lang='lat' dir='ltr'><strong>et</strong></span> 
     </span>
     <span class='ocr_line' id='line_1_4' title="bbox 164 712 1289 796; baseline -0.005 -15"><span class='ocrx_word' id='word_1_21' title='bbox 164 737 228 781; x_wconf 92' lang='lat' dir='ltr'><strong>non</strong></span> <span class='ocrx_word' id='word_1_22' title='bbox 249 717 310 782; x_wconf 89' lang='lat' dir='ltr'><strong>tibi</strong></span> <span class='ocrx_word' id='word_1_23' title='bbox 333 715 532 780; x_wconf 84' lang='lat' dir='ltr'><strong>contradicit</strong></span> <span class='ocrx_word' id='word_1_24' title='bbox 577 714 669 794; x_wconf 82' lang='lat' dir='ltr'><strong>Quod</strong></span> <span class='ocrx_word' id='word_1_25' title='bbox 691 714 718 779; x_wconf 88' lang='lat' dir='ltr'><strong>si</strong></span> <span class='ocrx_word' id='word_1_26' title='bbox 739 712 877 779; x_wconf 90' lang='lat' dir='ltr'><strong>volueris</strong></span> <span class='ocrx_word' id='word_1_27' title='bbox 899 713 998 792; x_wconf 85' lang='lat' dir='ltr'><strong>scire,</strong></span> <span class='ocrx_word' id='word_1_28' title='bbox 1026 713 1103 796; x_wconf 90' lang='lat' dir='ltr'><strong>quia</strong></span> <span class='ocrx_word' id='word_1_29' title='bbox 1123 732 1217 777; x_wconf 89' lang='lat' dir='ltr'><strong>verus</strong></span> <span class='ocrx_word' id='word_1_30' title='bbox 1239 718 1289 776; x_wconf 88' lang='lat' dir='ltr'><strong>est</strong></span> 
     </span>
     <span class='ocr_line' id='line_1_5' title="bbox 163 813 1285 902; baseline -0.003 -21"><span class='ocrx_word' id='word_1_31' title='bbox 163 818 226 884; x_wconf 90' lang='lat' dir='ltr'><strong>iste</strong></span> <span class='ocrx_word' id='word_1_32' title='bbox 248 818 346 902; x_wconf 81' lang='lat' dir='ltr'><strong>lapis,</strong></span> <span class='ocrx_word' id='word_1_33' title='bbox 374 819 420 883; x_wconf 90' lang='lat' dir='ltr'><strong>sic</strong></span> <span class='ocrx_word' id='word_1_34' title='bbox 441 838 630 901; x_wconf 80' lang='lat' dir='ltr'><strong>cognoscere</strong></span> <span class='ocrx_word' id='word_1_35' title='bbox 652 816 787 900; x_wconf 90' lang='lat' dir='ltr'><strong>poteris:</strong></span> <span class='ocrx_word' id='word_1_36' title='bbox 816 815 900 880; x_wconf 90' lang='lat' dir='ltr'><strong>lacte</strong></span> <span class='ocrx_word' id='word_1_37' title='bbox 929 819 962 880; x_wconf 91' lang='lat' dir='ltr'><strong>et</strong></span> <span class='ocrx_word' id='word_1_38' title='bbox 989 813 1083 879; x_wconf 91' lang='lat' dir='ltr'><strong>melle</strong></span> <span class='ocrx_word' id='word_1_39' title='bbox 1113 813 1285 878; x_wconf 86' lang='lat' dir='ltr'><strong>commixto</strong></span> 
     </span>
     <span class='ocr_line' id='line_1_6' title="bbox 165 913 1322 1003; baseline -0.007 -17"><span class='ocrx_word' id='word_1_40' title='bbox 165 921 381 986; x_wconf 77' lang='lat' dir='ltr'><strong>circumfunde</strong></span> <span class='ocrx_word' id='word_1_41' title='bbox 415 920 572 1003; x_wconf 81' lang='lat' dir='ltr'>lapidem,</span> <span class='ocrx_word' id='word_1_42' title='bbox 606 926 639 984; x_wconf 91' lang='lat' dir='ltr'><strong>et</strong></span> <span class='ocrx_word' id='word_1_43' title='bbox 664 938 765 1001; x_wconf 90' lang='lat' dir='ltr'><strong>pones</strong></span> <span class='ocrx_word' id='word_1_44' title='bbox 799 938 886 996; x_wconf 87' lang='lat' dir='ltr'><strong>eum,</strong></span> <span class='ocrx_word' id='word_1_45' title='bbox 924 922 957 982; x_wconf 92' lang='lat' dir='ltr'><strong>et</strong></span> <span class='ocrx_word' id='word_1_46' title='bbox 985 935 1049 981; x_wconf 88' lang='lat' dir='ltr'><strong>non</strong></span> <span class='ocrx_word' id='word_1_47' title='bbox 1084 913 1210 980; x_wconf 83' lang='lat' dir='ltr'><strong>sedebit</strong></span> <span class='ocrx_word' id='word_1_48' title='bbox 1241 913 1322 979; x_wconf 74' lang='lat' dir='ltr'><strong>ibic</strong></span> 
     </span>
    </p>
   </div>
   <div class='ocr_carea' id='block_1_3' title="bbox 161 1016 1338 1818">
    <p class='ocr_par' dir='ltr' id='par_1_3' title="bbox 162 1016 1338 1502">
     <span class='ocr_line' id='line_1_7' title="bbox 164 1016 1286 1106; baseline -0.003 -20"><span class='ocrx_word' id='word_1_49' title='bbox 164 1042 288 1100; x_wconf 86' lang='lat' dir='ltr'><strong>musca,</strong></span> <span class='ocrx_word' id='word_1_50' title='bbox 318 1024 363 1088; x_wconf 87' lang='lat' dir='ltr'><strong>sic</strong></span> <span class='ocrx_word' id='word_1_51' title='bbox 385 1043 457 1089; x_wconf 87' lang='lat' dir='ltr'><strong>eam</strong></span> <span class='ocrx_word' id='word_1_52' title='bbox 483 1023 622 1106; x_wconf 77' lang='lat' dir='ltr'><strong>expellit.</strong></span> <span class='ocrx_word' id='word_1_53' title='bbox 666 1020 733 1086; x_wconf 90' lang='lat' dir='ltr'><strong>Nec</strong></span> <span class='ocrx_word' id='word_1_54' title='bbox 761 1025 892 1103; x_wconf 89' lang='lat' dir='ltr'><strong>putetur</strong></span> <span class='ocrx_word' id='word_1_55' title='bbox 921 1018 981 1084; x_wconf 90' lang='lat' dir='ltr'><strong>hcc</strong></span> <span class='ocrx_word' id='word_1_56' title='bbox 1007 1016 1180 1082; x_wconf 88' lang='lat' dir='ltr'><strong>ludibrium</strong></span> <span class='ocrx_word' id='word_1_57' title='bbox 1207 1038 1286 1083; x_wconf 90' lang='lat' dir='ltr'><strong>esse.</strong></span> 
     </span>
     <span class='ocr_line' id='line_1_8' title="bbox 163 1113 1286 1202; baseline -0.005 -12"><span class='ocrx_word' id='word_1_58' title='bbox 163 1113 212 1189; x_wconf 79' lang='lat' dir='ltr'><strong>Ex</strong></span> <span class='ocrx_word' id='word_1_59' title='bbox 240 1125 354 1190; x_wconf 89' lang='lat' dir='ltr'><strong>eadem</strong></span> <span class='ocrx_word' id='word_1_60' title='bbox 388 1126 530 1188; x_wconf 88' lang='lat' dir='ltr'><strong>mixtura</strong></span> <span class='ocrx_word' id='word_1_61' title='bbox 562 1121 776 1188; x_wconf 88' lang='lat' dir='ltr'><strong>circumfunde</strong></span> <span class='ocrx_word' id='word_1_62' title='bbox 812 1120 948 1185; x_wconf 84' lang='lat' dir='ltr'><strong>alterum</strong></span> <span class='ocrx_word' id='word_1_63' title='bbox 982 1117 1123 1202; x_wconf 81' lang='lat' dir='ltr'><strong>lapidem</strong></span> <span class='ocrx_word' id='word_1_64' title='bbox 1159 1118 1286 1202; x_wconf 86' lang='lat' dir='ltr'><strong>qualem</strong></span> 
     </span>
     <span class='ocr_line' id='line_1_9' title="bbox 162 1219 1287 1309; baseline -0.004 -19"><span class='ocrx_word' id='word_1_65' title='bbox 162 1225 316 1304; x_wconf 85' lang='lat' dir='ltr'><strong>volueris,</strong></span> <span class='ocrx_word' id='word_1_66' title='bbox 346 1234 379 1292; x_wconf 90' lang='lat' dir='ltr'><strong>et</strong></span> <span class='ocrx_word' id='word_1_67' title='bbox 400 1225 522 1291; x_wconf 89' lang='lat' dir='ltr'><strong>videbis</strong></span> <span class='ocrx_word' id='word_1_68' title='bbox 549 1228 671 1309; x_wconf 86' lang='lat' dir='ltr'><strong>quanta</strong></span> <span class='ocrx_word' id='word_1_69' title='bbox 696 1221 869 1287; x_wconf 90' lang='lat' dir='ltr'><strong>multitudo</strong></span> <span class='ocrx_word' id='word_1_70' title='bbox 895 1239 1076 1285; x_wconf 88' lang='lat' dir='ltr'><strong>muscarum</strong></span> <span class='ocrx_word' id='word_1_71' title='bbox 1102 1219 1287 1286; x_wconf 89' lang='lat' dir='ltr'><strong>circumvol-</strong></span> 
     </span>
     <span class='ocr_line' id='line_1_10' title="bbox 164 1321 1287 1411; baseline -0.002 -21"><span class='ocrx_word' id='word_1_72' title='bbox 164 1328 217 1392; x_wconf 90' lang='lat' dir='ltr'><strong>vit.</strong></span> <span class='ocrx_word' id='word_1_73' title='bbox 264 1328 366 1411; x_wconf 85' lang='lat' dir='ltr'><strong>Super</strong></span> <span class='ocrx_word' id='word_1_74' title='bbox 388 1328 467 1392; x_wconf 90' lang='lat' dir='ltr'><strong>haec</strong></span> <span class='ocrx_word' id='word_1_75' title='bbox 488 1327 687 1411; x_wconf 78' lang='lat' dir='ltr'><strong>gratissimos</strong></span> <span class='ocrx_word' id='word_1_76' title='bbox 710 1325 785 1390; x_wconf 85' lang='lat' dir='ltr'><strong>lacit</strong></span> <span class='ocrx_word' id='word_1_77' title='bbox 813 1329 975 1407; x_wconf 77' lang='lat' dir='ltr'><strong>gestantes</strong></span> <span class='ocrx_word' id='word_1_78' title='bbox 1002 1328 1035 1388; x_wconf 87' lang='lat' dir='ltr'><strong>et</strong></span> <span class='ocrx_word' id='word_1_79' title='bbox 1060 1321 1216 1387; x_wconf 89' lang='lat' dir='ltr'><strong>facundos</strong></span> <span class='ocrx_word' id='word_1_80' title='bbox 1243 1323 1287 1388; x_wconf 88' lang='lat' dir='ltr'><strong>ad</strong></span> 
     </span>
     <span class='ocr_line' id='line_1_11' title="bbox 162 1435 1338 1502; baseline -0.008 -7"><span class='ocrx_word' id='word_1_81' title='bbox 162 1451 285 1495; x_wconf 91' lang='lat' dir='ltr'><strong>omnes.</strong></span> <span class='ocrx_word' id='word_1_82' title='bbox 1103 1495 1106 1502; x_wconf 55' lang='grc'><em>,</em></span> <span class='ocrx_word' id='word_1_83' title='bbox 1305 1435 1338 1486; x_wconf 86' lang='lat'><strong>10</strong></span> 
     </span>
    </p>

    <p class='ocr_par' dir='ltr' id='par_1_4' title="bbox 161 1529 1286 1818">
     <span class='ocr_line' id='line_1_12' title="bbox 248 1529 1286 1614; baseline -0.001 -20"><span class='ocrx_word' id='word_1_84' title='bbox 248 1532 275 1594; x_wconf 94' lang='grc' dir='ltr'>Ο</span> <span class='ocrx_word' id='word_1_85' title='bbox 297 1532 475 1614; x_wconf 83' lang='lat' dir='ltr'><strong>imperator</strong></span> <span class='ocrx_word' id='word_1_86' title='bbox 496 1531 655 1613; x_wconf 84' lang='lat' dir='ltr'><strong>piissime,</strong></span> <span class='ocrx_word' id='word_1_87' title='bbox 684 1551 747 1596; x_wconf 93' lang='lat' dir='ltr'><strong>non</strong></span> <span class='ocrx_word' id='word_1_88' title='bbox 774 1530 909 1595; x_wconf 88' lang='lat' dir='ltr'><strong>credunt</strong></span> <span class='ocrx_word' id='word_1_89' title='bbox 934 1529 1074 1611; x_wconf 78' lang='lat' dir='ltr'><strong>legentes</strong></span> <span class='ocrx_word' id='word_1_90' title='bbox 1098 1548 1193 1593; x_wconf 86' lang='lat' dir='ltr'><strong>veras</strong></span> <span class='ocrx_word' id='word_1_91' title='bbox 1215 1548 1286 1594; x_wconf 89' lang='lat' dir='ltr'><strong>esse</strong></span> 
     </span>
     <span class='ocr_line' id='line_1_13' title="bbox 161 1632 1285 1716; baseline -0.003 -17"><span class='ocrx_word' id='word_1_92' title='bbox 161 1635 325 1714; x_wconf 90' lang='lat' dir='ltr'><strong>potentias</strong></span> <span class='ocrx_word' id='word_1_93' title='bbox 358 1633 519 1715; x_wconf 87' lang='lat' dir='ltr'><strong>lapidum,</strong></span> <span class='ocrx_word' id='word_1_94' title='bbox 554 1634 631 1715; x_wconf 88' lang='lat' dir='ltr'><strong>quia</strong></span> <span class='ocrx_word' id='word_1_95' title='bbox 663 1653 725 1697; x_wconf 87' lang='lat' dir='ltr'><strong>non</strong></span> <span class='ocrx_word' id='word_1_96' title='bbox 760 1635 977 1716; x_wconf 88' lang='lat' dir='ltr'><strong>experiuntur.</strong></span> <span class='ocrx_word' id='word_1_97' title='bbox 1030 1632 1144 1697; x_wconf 88' lang='lat' dir='ltr'><strong>Omnia</strong></span> <span class='ocrx_word' id='word_1_98' title='bbox 1176 1638 1285 1697; x_wconf 89' lang='lat' dir='ltr'><strong>temen</strong></span> 
     </span>
     <span class='ocr_line' id='line_1_14' title="bbox 161 1734 986 1818; baseline 0.002 -20"><span class='ocrx_word' id='word_1_99' title='bbox 161 1734 250 1798; x_wconf 86' lang='lat' dir='ltr'><strong>dicta</strong></span> <span class='ocrx_word' id='word_1_100' title='bbox 271 1755 291 1798; x_wconf 89' lang='lat' dir='ltr'><strong>a</strong></span> <span class='ocrx_word' id='word_1_101' title='bbox 312 1734 406 1800; x_wconf 91' lang='lat' dir='ltr'><strong>nobis</strong></span> <span class='ocrx_word' id='word_1_102' title='bbox 429 1743 462 1800; x_wconf 88' lang='lat' dir='ltr'><strong>et</strong></span> <span class='ocrx_word' id='word_1_103' title='bbox 483 1736 605 1818; x_wconf 89' lang='lat' dir='ltr'><strong>scripta</strong></span> <span class='ocrx_word' id='word_1_104' title='bbox 627 1735 756 1800; x_wconf 89' lang='lat' dir='ltr'><strong>veniunt</strong></span> <span class='ocrx_word' id='word_1_105' title='bbox 778 1734 986 1800; x_wconf 86' lang='lat' dir='ltr'><strong>sanctificata.</strong></span> 
     </span>
    </p>
   </div>
   <div class='ocr_carea' id='block_1_4' title="bbox 420 2021 1020 2107">
    <p class='ocr_par' dir='ltr' id='par_1_5' title="bbox 420 2021 1020 2107">
     <span class='ocr_line' id='line_1_15' title="bbox 420 2021 1020 2107; baseline 0.002 -19"><span class='ocrx_word' id='word_1_106' title='bbox 420 2022 552 2088; x_wconf 86' lang='lat' dir='ltr'>XXVII.</span> <span class='ocrx_word' id='word_1_107' title='bbox 585 2022 707 2107; x_wconf 81' lang='lat' dir='ltr'><strong>Lapis</strong></span> <span class='ocrx_word' id='word_1_108' title='bbox 734 2021 1020 2107; x_wconf 80' lang='lat' dir='ltr'><strong>Garsydcnius.</strong></span> 
     </span>
    </p>
   </div>
   <div class='ocr_carea' id='block_1_5' title="bbox 157 2207 1348 2886">
    <p class='ocr_par' dir='ltr' id='par_1_6' title="bbox 157 2207 1348 2886">
     <span class='ocr_line' id='line_1_16' title="bbox 249 2207 1348 2294; baseline 0.001 -20"><span class='ocrx_word' id='word_1_109' title='bbox 249 2209 465 2294; x_wconf 80' lang='lat' dir='ltr'><strong>Garsydonius</strong></span> <span class='ocrx_word' id='word_1_110' title='bbox 486 2209 570 2292; x_wconf 88' lang='lat' dir='ltr'><strong>lapis</strong></span> <span class='ocrx_word' id='word_1_111' title='bbox 595 2209 812 2274; x_wconf 86' lang='lat' dir='ltr'><strong>sanctificatus</strong></span> <span class='ocrx_word' id='word_1_112' title='bbox 839 2216 872 2274; x_wconf 87' lang='lat' dir='ltr'><strong>et</strong></span> <span class='ocrx_word' id='word_1_113' title='bbox 898 2209 1134 2293; x_wconf 85' lang='lat' dir='ltr'><strong>circumligatus</strong></span> <span class='ocrx_word' id='word_1_114' title='bbox 1158 2207 1348 2294; x_wconf 61' lang='lat' dir='ltr'><strong>aquati-18</strong></span> 
     </span>
     <span class='ocr_line' id='line_1_17' title="bbox 161 2311 1282 2397; baseline 0 -20"><span class='ocrx_word' id='word_1_115' title='bbox 161 2331 215 2377; x_wconf 87' lang='lat' dir='ltr'><strong>cos</strong></span> <span class='ocrx_word' id='word_1_116' title='bbox 230 2318 331 2376; x_wconf 86' lang='lat' dir='ltr'><strong>curat.</strong></span> <span class='ocrx_word' id='word_1_117' title='bbox 368 2311 542 2377; x_wconf 88' lang='lat' dir='ltr'><strong>Praeterea</strong></span> <span class='ocrx_word' id='word_1_118' title='bbox 556 2313 611 2395; x_wconf 90' lang='lat' dir='ltr'><strong>qui</strong></span> <span class='ocrx_word' id='word_1_119' title='bbox 626 2312 801 2394; x_wconf 90' lang='lat' dir='ltr'><strong>portaverit</strong></span> <span class='ocrx_word' id='word_1_120' title='bbox 816 2333 888 2375; x_wconf 92' lang='lat' dir='ltr'><strong>eum</strong></span> <span class='ocrx_word' id='word_1_121' title='bbox 904 2332 924 2376; x_wconf 88' lang='lat' dir='ltr'><strong>a</strong></span> <span class='ocrx_word' id='word_1_122' title='bbox 938 2313 1086 2395; x_wconf 84' lang='lat' dir='ltr'><strong>pueritia,</strong></span> <span class='ocrx_word' id='word_1_123' title='bbox 1110 2333 1282 2397; x_wconf 87' lang='lat' dir='ltr'><strong>numquam</strong></span> 
     </span>
     <span class='ocr_line' id='line_1_18' title="bbox 158 2413 1282 2498; baseline 0.003 -20"><span class='ocrx_word' id='word_1_124' title='bbox 158 2413 329 2497; x_wconf 80' lang='lat' dir='ltr'><strong>mergitur,</strong></span> <span class='ocrx_word' id='word_1_125' title='bbox 358 2434 417 2479; x_wconf 89' lang='lat' dir='ltr'><strong>nec</strong></span> <span class='ocrx_word' id='word_1_126' title='bbox 438 2420 582 2478; x_wconf 87' lang='lat' dir='ltr'><strong>vexatur.</strong></span> <span class='ocrx_word' id='word_1_127' title='bbox 626 2413 774 2477; x_wconf 90' lang='lat' dir='ltr'><strong>Pulcrum</strong></span> <span class='ocrx_word' id='word_1_128' title='bbox 797 2434 922 2496; x_wconf 91' lang='lat' dir='ltr'><strong>quoque</strong></span> <span class='ocrx_word' id='word_1_129' title='bbox 950 2414 1027 2479; x_wconf 87' lang='lat' dir='ltr'><strong>facit</strong></span> <span class='ocrx_word' id='word_1_130' title='bbox 1049 2420 1226 2498; x_wconf 81' lang='lat' dir='ltr'><strong>gestantem</strong></span> <span class='ocrx_word' id='word_1_131' title='bbox 1249 2421 1282 2481; x_wconf 86' lang='lat' dir='ltr'><strong>et</strong></span> 
     </span>
     <span class='ocr_line' id='line_1_19' title="bbox 159 2513 1282 2601; baseline 0.001 -21"><span class='ocrx_word' id='word_1_132' title='bbox 159 2514 288 2580; x_wconf 89' lang='lat' dir='ltr'><strong>fidelem</strong></span> <span class='ocrx_word' id='word_1_133' title='bbox 315 2520 346 2579; x_wconf 91' lang='lat' dir='ltr'><strong>et</strong></span> <span class='ocrx_word' id='word_1_134' title='bbox 368 2520 592 2597; x_wconf 86' lang='lat' dir='ltr'><strong>potentem&#39;et</strong></span> <span class='ocrx_word' id='word_1_135' title='bbox 618 2515 724 2578; x_wconf 84' lang='lat' dir='ltr'><strong>omnia</strong></span> <span class='ocrx_word' id='word_1_136' title='bbox 746 2513 971 2597; x_wconf 89' lang='lat' dir='ltr'><strong>perficientem.</strong></span> <span class='ocrx_word' id='word_1_137' title='bbox 1018 2516 1168 2600; x_wconf 89' lang='lat' dir='ltr'><strong>Sculpere</strong></span> <span class='ocrx_word' id='word_1_138' title='bbox 1189 2538 1282 2601; x_wconf 87' lang='lat' dir='ltr'><strong>opor·</strong></span> 
     </span>
     <span class='ocr_line' id='line_1_20' title="bbox 157 2618 1280 2699; baseline 0.004 -19"><span class='ocrx_word' id='word_1_139' title='bbox 157 2623 205 2681; x_wconf 89' lang='lat' dir='ltr'><strong>tet</strong></span> <span class='ocrx_word' id='word_1_140' title='bbox 240 2619 374 2681; x_wconf 87' lang='lat' dir='ltr'><strong>Martem</strong></span> <span class='ocrx_word' id='word_1_141' title='bbox 408 2621 582 2694; x_wconf 77' lang='lat' dir='ltr'><strong>armatum,</strong></span> <span class='ocrx_word' id='word_1_142' title='bbox 622 2622 680 2680; x_wconf 89' lang='lat' dir='ltr'><strong>aut</strong></span> <span class='ocrx_word' id='word_1_143' title='bbox 717 2618 870 2699; x_wconf 86' lang='lat' dir='ltr'><strong>virginem</strong></span> <span class='ocrx_word' id='word_1_144' title='bbox 907 2619 1059 2683; x_wconf 88' lang='lat' dir='ltr'><strong>stolatam</strong></span> <span class='ocrx_word' id='word_1_145' title='bbox 1097 2624 1184 2684; x_wconf 90' lang='lat' dir='ltr'><strong>veste</strong></span> <span class='ocrx_word' id='word_1_146' title='bbox 1223 2618 1280 2684; x_wconf 89' lang='lat' dir='ltr'><strong>cir·</strong></span> 
     </span>
     <span class='ocr_line' id='line_1_21' title="bbox 160 2718 1332 2805; baseline -0.002 -19"><span class='ocrx_word' id='word_1_147' title='bbox 160 2720 336 2786; x_wconf 78' lang='lat' dir='ltr'><strong>cumfusum</strong></span> <span class='ocrx_word' id='word_1_148' title='bbox 367 2724 527 2785; x_wconf 88' lang='lat' dir='ltr'><strong>tenentem</strong></span> <span class='ocrx_word' id='word_1_149' title='bbox 561 2720 697 2783; x_wconf 91' lang='lat' dir='ltr'><strong>laurum.</strong></span> <span class='ocrx_word' id='word_1_150' title='bbox 748 2718 957 2785; x_wconf 75' lang='lat' dir='ltr'><strong>consecratus</strong></span> <span class='ocrx_word' id='word_1_151' title='bbox 988 2726 1146 2805; x_wconf 87' lang='lat' dir='ltr'><strong>perpetua</strong></span> <span class='ocrx_word' id='word_1_152' title='bbox 1172 2741 1279 2787; x_wconf 90' lang='lat' dir='ltr'><strong>couse-</strong></span> <span class='ocrx_word' id='word_1_153' title='bbox 1297 2732 1332 2784; x_wconf 76' lang='lat'><strong>20</strong></span> 
     </span>
     <span class='ocr_line' id='line_1_22' title="bbox 157 2822 645 2886; baseline 0.01 -1"><span class='ocrx_word' id='word_1_154' title='bbox 157 2822 307 2886; x_wconf 82' lang='lat' dir='ltr'><strong>cretione.</strong></span> <span class='ocrx_word' id='word_1_155' title='bbox 641 2843 645 2851; x_wconf 87' lang='lat'>·</span> 
     </span>
    </p>
   </div>
   <div class='ocr_carea' id='block_1_6' title="bbox 146 3006 1279 4097">
    <p class='ocr_par' dir='ltr' id='par_1_7' title="bbox 146 3006 1279 4097">
     <span class='ocr_line' id='line_1_23' title="bbox 232 3006 1279 3078; baseline 0.005 -19"><span class='ocrx_word' id='word_1_156' title='bbox 232 3006 361 3060; x_wconf 81' lang='lat' dir='ltr'><strong>2ccnfer</strong></span> <span class='ocrx_word' id='word_1_157' title='bbox 384 3023 453 3075; x_wconf 87' lang='lat' dir='ltr'><strong>quae</strong></span> <span class='ocrx_word' id='word_1_158' title='bbox 478 3023 511 3060; x_wconf 87' lang='lat' dir='ltr'><strong>ex</strong></span> <span class='ocrx_word' id='word_1_159' title='bbox 536 3009 615 3062; x_wconf 84' lang='lat' dir='ltr'><strong>Aetio</strong></span> <span class='ocrx_word' id='word_1_160' title='bbox 640 3007 667 3060; x_wconf 94' lang='lat' dir='ltr'><strong>Il</strong></span> <span class='ocrx_word' id='word_1_161' title='bbox 691 3010 726 3062; x_wconf 82' lang='lat'><strong>30</strong></span> <span class='ocrx_word' id='word_1_162' title='bbox 749 3007 782 3061; x_wconf 88' lang='lat' dir='ltr'><strong>ad</strong></span> <span class='ocrx_word' id='word_1_163' title='bbox 805 3008 876 3061; x_wconf 90' lang='lat' dir='ltr'><strong>hunc</strong></span> <span class='ocrx_word' id='word_1_164' title='bbox 899 3009 987 3064; x_wconf 88' lang='lat' dir='ltr'><strong>locum</strong></span> <span class='ocrx_word' id='word_1_165' title='bbox 1012 3011 1162 3078; x_wconf 84' lang='lat' dir='ltr'><strong>spectantia</strong></span> <span class='ocrx_word' id='word_1_166' title='bbox 1186 3013 1279 3066; x_wconf 85' lang='lat' dir='ltr'><strong>citavit</strong></span> 
     </span>
     <span class='ocr_line' id='line_1_24' title="bbox 154 3091 1277 3165; baseline 0.003 -20"><span class='ocrx_word' id='word_1_167' title='bbox 154 3092 227 3145; x_wconf 83' lang='lat' dir='ltr'><strong>Rose</strong></span> <span class='ocrx_word' id='word_1_168' title='bbox 245 3092 263 3144; x_wconf 90' lang='lat' dir='ltr'><strong>l.</strong></span> <span class='ocrx_word' id='word_1_169' title='bbox 276 3091 293 3144; x_wconf 89' lang='lat' dir='ltr'><strong>l.</strong></span> <span class='ocrx_word' id='word_1_170' title='bbox 311 3108 328 3158; x_wconf 88' lang='lat' dir='ltr'><strong>p</strong></span> <span class='ocrx_word' id='word_1_171' title='bbox 348 3093 763 3162; x_wconf 19' lang='lat' dir='ltr'><strong>482Q4832‘015e0107e273e</strong></span> <span class='ocrx_word' id='word_1_172' title='bbox 783 3099 822 3164; x_wconf 78' lang='grc' dir='ltr'><strong>τῷ</strong></span> <span class='ocrx_word' id='word_1_173' title='bbox 841 3095 905 3160; x_wconf 72' lang='grc' dir='ltr'><strong>περὶ</strong></span> <span class='ocrx_word' id='word_1_174' title='bbox 923 3096 1005 3148; x_wconf 63' lang='lat' dir='ltr'><strong>Atlas</strong></span> <span class='ocrx_word' id='word_1_175' title='bbox 1025 3095 1098 3148; x_wconf 76' lang='grc' dir='ltr'><em>οὕτω</em></span> <span class='ocrx_word' id='word_1_176' title='bbox 1117 3098 1206 3165; x_wconf 82' lang='grc' dir='ltr'><em>φησίν.</em></span> <span class='ocrx_word' id='word_1_177' title='bbox 1230 3096 1277 3150; x_wconf 81' lang='lat' dir='ltr'><strong>‘le-</strong></span> 
     </span>
     <span class='ocr_line' id='line_1_25' title="bbox 154 3176 1279 3250; baseline 0.008 -25"><span class='ocrx_word' id='word_1_178' title='bbox 154 3177 267 3244; x_wconf 75' lang='grc' dir='ltr'><em>ροκλτης</em></span> <span class='ocrx_word' id='word_1_179' title='bbox 285 3176 359 3235; x_wconf 70' lang='grc' dir='ltr'><em>λίθος</em></span> <span class='ocrx_word' id='word_1_180' title='bbox 377 3177 532 3248; x_wconf 65' lang='grc' dir='ltr'><em>ὑπόχλωροι·</em></span> <span class='ocrx_word' id='word_1_181' title='bbox 548 3179 598 3241; x_wconf 86' lang='grc' dir='ltr'><strong>μέν</strong></span> <span class='ocrx_word' id='word_1_182' title='bbox 618 3181 678 3230; x_wconf 79' lang='grc' dir='ltr'><em>ἐστι</em></span> <span class='ocrx_word' id='word_1_183' title='bbox 697 3179 740 3229; x_wconf 77' lang='grc' dir='ltr'><strong>καὶ</strong></span> <span class='ocrx_word' id='word_1_184' title='bbox 753 3179 822 3244; x_wconf 80' lang='grc' dir='ltr'><strong><em>πρὸς</em></strong></span> <span class='ocrx_word' id='word_1_185' title='bbox 835 3180 864 3231; x_wconf 85' lang='grc' dir='ltr'><strong>τὸ</strong></span> <span class='ocrx_word' id='word_1_186' title='bbox 876 3180 961 3242; x_wconf 85' lang='grc' dir='ltr'><em>μέλον</em></span> <span class='ocrx_word' id='word_1_187' title='bbox 975 3182 1204 3250; x_wconf 76' lang='grc' dir='ltr'><em>ἐντετμομμένος,</em></span> <span class='ocrx_word' id='word_1_188' title='bbox 1223 3183 1279 3234; x_wconf 78' lang='grc' dir='ltr'><em>ἐπι·</em></span> 
     </span>
     <span class='ocr_line' id='line_1_26' title="bbox 154 3261 1278 3338; baseline 0.008 -29"><span class='ocrx_word' id='word_1_189' title='bbox 154 3261 330 3326; x_wconf 77' lang='grc' dir='ltr'><em>μεμοσμένος</em></span> <span class='ocrx_word' id='word_1_190' title='bbox 344 3264 451 3331; x_wconf 73' lang='grc' dir='ltr'><em>χροιαῖς</em></span> <span class='ocrx_word' id='word_1_191' title='bbox 468 3262 578 3329; x_wconf 81' lang='grc' dir='ltr'><strong><em>ἑτέραις</em></strong></span> <span class='ocrx_word' id='word_1_192' title='bbox 596 3262 633 3320; x_wconf 81' lang='grc' dir='ltr'><strong>ὡς</strong></span> <span class='ocrx_word' id='word_1_193' title='bbox 650 3262 768 3321; x_wconf 78' lang='grc' dir='ltr'><em>ποικίλος</em></span> <span class='ocrx_word' id='word_1_194' title='bbox 786 3262 861 3315; x_wconf 80' lang='grc' dir='ltr'><em>εἶναι.</em></span> <span class='ocrx_word' id='word_1_195' title='bbox 883 3294 906 3301; x_wconf 96' lang='grc'>-</span> <span class='ocrx_word' id='word_1_196' title='bbox 926 3264 1037 3325; x_wconf 82' lang='grc' dir='ltr'><em>δύναμιν</em></span> <span class='ocrx_word' id='word_1_197' title='bbox 1056 3264 1087 3316; x_wconf 80' lang='grc' dir='ltr'><strong>δὲ</strong></span> <span class='ocrx_word' id='word_1_198' title='bbox 1105 3265 1162 3335; x_wconf 78' lang='grc' dir='ltr'><em>ἔχει</em></span> <span class='ocrx_word' id='word_1_199' title='bbox 1179 3265 1278 3338; x_wconf 71' lang='grc' dir='ltr'><em>ἀποξη-</em></span> 
     </span>
     <span class='ocr_line' id='line_1_27' title="bbox 153 3343 1276 3416; baseline 0.009 -22"><span class='ocrx_word' id='word_1_200' title='bbox 153 3343 301 3410; x_wconf 85' lang='grc' dir='ltr'><em>μοιίνοοσον</em></span> <span class='ocrx_word' id='word_1_201' title='bbox 326 3345 504 3413; x_wconf 78' lang='grc' dir='ltr'><em>οἱμορροίδας</em></span> <span class='ocrx_word' id='word_1_202' title='bbox 527 3348 716 3416; x_wconf 79' lang='grc' dir='ltr'><em>ἀπηρτημένος</em></span> <span class='ocrx_word' id='word_1_203' title='bbox 738 3351 790 3398; x_wconf 86' lang='grc' dir='ltr'><strong>τοῦ</strong></span> <span class='ocrx_word' id='word_1_204' title='bbox 813 3347 906 3405; x_wconf 73' lang='grc' dir='ltr'><em>δεξιοῦ</em></span> <span class='ocrx_word' id='word_1_205' title='bbox 927 3352 1019 3416; x_wconf 80' lang='grc' dir='ltr'><em>μηροῦ</em></span> <span class='ocrx_word' id='word_1_206' title='bbox 1043 3353 1093 3401; x_wconf 83' lang='grc' dir='ltr'><strong>τοῦ</strong></span> <span class='ocrx_word' id='word_1_207' title='bbox 1120 3351 1276 3414; x_wconf 78' lang='grc' dir='ltr'><em>κάμνοντος.</em></span> 
     </span>
     <span class='ocr_line' id='line_1_28' title="bbox 154 3427 1276 3508; baseline 0.011 -31"><span class='ocrx_word' id='word_1_208' title='bbox 154 3427 308 3490; x_wconf 76' lang='grc' dir='ltr'><em>δοκιμάσεις</em></span> <span class='ocrx_word' id='word_1_209' title='bbox 329 3432 360 3482; x_wconf 79' lang='grc' dir='ltr'><strong>δὲ</strong></span> <span class='ocrx_word' id='word_1_210' title='bbox 379 3431 420 3483; x_wconf 84' lang='grc' dir='ltr'><strong>ὅτι</strong></span> <span class='ocrx_word' id='word_1_211' title='bbox 444 3432 553 3500; x_wconf 70' lang='grc' dir='ltr'><em>ἀληθῶς</em></span> <span class='ocrx_word' id='word_1_212' title='bbox 577 3433 662 3491; x_wconf 80' lang='grc' dir='ltr'><strong><em>αὐτός</em></strong></span> <span class='ocrx_word' id='word_1_213' title='bbox 684 3434 757 3501; x_wconf 81' lang='grc' dir='ltr'><em>ἐστι,</em></span> <span class='ocrx_word' id='word_1_214' title='bbox 781 3432 851 3503; x_wconf 79' lang='grc' dir='ltr'><em>ἔχων</em></span> <span class='ocrx_word' id='word_1_215' title='bbox 876 3433 959 3484; x_wconf 80' lang='grc' dir='ltr'><em>αὐτὸν</em></span> <span class='ocrx_word' id='word_1_216' title='bbox 982 3434 1053 3498; x_wconf 78' lang='grc' dir='ltr'><em>μετὰ</em></span> <span class='ocrx_word' id='word_1_217' title='bbox 1072 3437 1173 3505; x_wconf 76' lang='grc' dir='ltr'><em>χεῖρας</em></span> <span class='ocrx_word' id='word_1_218' title='bbox 1192 3438 1276 3508; x_wconf 74' lang='grc' dir='ltr'><em>χρῖον</em></span> 
     </span>
     <span class='ocr_line' id='line_1_29' title="bbox 155 3512 1275 3586; baseline 0.013 -24"><span class='ocrx_word' id='word_1_219' title='bbox 155 3512 241 3570; x_wconf 82' lang='grc' dir='ltr'><em>μέλιτι</em></span> <span class='ocrx_word' id='word_1_220' title='bbox 260 3513 376 3581; x_wconf 85' lang='grc' dir='ltr'><em>τούτοις,</em></span> <span class='ocrx_word' id='word_1_221' title='bbox 399 3515 443 3568; x_wconf 75' lang='grc' dir='ltr'><strong>καὶ</strong></span> <span class='ocrx_word' id='word_1_222' title='bbox 462 3517 493 3567; x_wconf 78' lang='grc' dir='ltr'><strong>οὐ</strong></span> <span class='ocrx_word' id='word_1_223' title='bbox 512 3517 727 3586; x_wconf 76' lang='grc' dir='ltr'><em>προοεῃιίσουοί</em></span> <span class='ocrx_word' id='word_1_224' title='bbox 741 3537 785 3570; x_wconf 84' lang='grc' dir='ltr'><strong>σοι</strong></span> <span class='ocrx_word' id='word_1_225' title='bbox 807 3519 854 3571; x_wconf 82' lang='grc' dir='ltr'><strong>τὸν</strong></span> <span class='ocrx_word' id='word_1_226' title='bbox 874 3518 949 3570; x_wconf 73' lang='grc' dir='ltr'><em>λίιλον</em></span> <span class='ocrx_word' id='word_1_227' title='bbox 968 3522 1084 3586; x_wconf 79' lang='grc' dir='ltr'><em>φέροντι</em></span> <span class='ocrx_word' id='word_1_228' title='bbox 1100 3525 1182 3584; x_wconf 85' lang='grc' dir='ltr'><em>μυῖαι.</em></span> <span class='ocrx_word' id='word_1_229' title='bbox 1200 3553 1234 3564; x_wconf 92' lang='grc'><strong>-</strong></span> <span class='ocrx_word' id='word_1_230' title='bbox 1256 3525 1275 3577; x_wconf 83' lang='grc'><strong>6</strong></span> 
     </span>
     <span class='ocr_line' id='line_1_30' title="bbox 152 3597 1276 3671; baseline 0.013 -22"><span class='ocrx_word' id='word_1_231' title='bbox 152 3597 204 3650; x_wconf 91' lang='lat' dir='ltr'><strong>hcc</strong></span> <span class='ocrx_word' id='word_1_232' title='bbox 222 3613 295 3666; x_wconf 82' lang='lat' dir='ltr'><strong>ego,</strong></span> <span class='ocrx_word' id='word_1_233' title='bbox 316 3599 387 3653; x_wconf 91' lang='lat' dir='ltr'><strong>huuc</strong></span> <span class='ocrx_word' id='word_1_234' title='bbox 398 3619 419 3668; x_wconf 83' lang='lat' dir='ltr'><strong>e,</strong></span> <span class='ocrx_word' id='word_1_235' title='bbox 436 3600 508 3654; x_wconf 89' lang='lat' dir='ltr'><strong>hanc</strong></span> <span class='ocrx_word' id='word_1_236' title='bbox 523 3620 554 3666; x_wconf 85' lang='lat' dir='ltr'><strong>p;</strong></span> <span class='ocrx_word' id='word_1_237' title='bbox 573 3631 606 3640; x_wconf 92' lang='lat'>—</span> <span class='ocrx_word' id='word_1_238' title='bbox 633 3602 661 3654; x_wconf 90' lang='lat'><strong>8.</strong></span> <span class='ocrx_word' id='word_1_239' title='bbox 675 3602 694 3654; x_wconf 81' lang='grc'>9</span> <span class='ocrx_word' id='word_1_240' title='bbox 709 3602 891 3657; x_wconf 85' lang='lat' dir='ltr'><strong>circumvolvit</strong></span> <span class='ocrx_word' id='word_1_241' title='bbox 909 3623 929 3666; x_wconf 79' lang='grc' dir='ltr'><strong>ι,</strong></span> <span class='ocrx_word' id='word_1_242' title='bbox 949 3603 1020 3671; x_wconf 90' lang='lat' dir='ltr'><strong>quod</strong></span> <span class='ocrx_word' id='word_1_243' title='bbox 1038 3605 1134 3660; x_wconf 82' lang='lat' dir='ltr'><strong>reduxi</strong></span> <span class='ocrx_word' id='word_1_244' title='bbox 1146 3608 1276 3664; x_wconf 83' lang='lat' dir='ltr'><strong>suadente</strong></span> 
     </span>
     <span class='ocr_line' id='line_1_31' title="bbox 152 3681 1274 3760; baseline 0.013 -27"><span class='ocrx_word' id='word_1_245' title='bbox 152 3681 262 3749; x_wconf 78' lang='lat' dir='ltr'><strong>Bingi03</strong></span> <span class='ocrx_word' id='word_1_246' title='bbox 280 3683 496 3739; x_wconf 84' lang='lat' dir='ltr'><strong>circumvolvitur</strong></span> <span class='ocrx_word' id='word_1_247' title='bbox 511 3704 544 3753; x_wconf 73' lang='grc' dir='ltr'><strong>μς</strong></span> <span class='ocrx_word' id='word_1_248' title='bbox 571 3719 603 3727; x_wconf 99' lang='grc'>-</span> <span class='ocrx_word' id='word_1_249' title='bbox 630 3689 712 3741; x_wconf 82' lang='grc'>9-11</span> <span class='ocrx_word' id='word_1_250' title='bbox 730 3696 764 3743; x_wconf 87' lang='lat' dir='ltr'><strong>et</strong></span> <span class='ocrx_word' id='word_1_251' title='bbox 783 3721 811 3730; x_wconf 88' lang='lat'><em>-</em></span> <span class='ocrx_word' id='word_1_252' title='bbox 833 3691 991 3757; x_wconf 77' lang='lat' dir='ltr'><strong>legentes</strong></span> <span class='ocrx_word' id='word_1_253' title='bbox 1008 3691 1133 3760; x_wconf 82' lang='lat' dir='ltr'><strong>inmarg.</strong></span> <span class='ocrx_word' id='word_1_254' title='bbox 1152 3693 1274 3758; x_wconf 51' lang='lat' dir='ltr'><strong>habeta</strong></span> 
     </span>
     <span class='ocr_line' id='line_1_32' title="bbox 151 3769 1276 3840; baseline 0.018 -24"><span class='ocrx_word' id='word_1_255' title='bbox 151 3781 244 3820; x_wconf 89' lang='lat' dir='ltr'><strong>versus</strong></span> <span class='ocrx_word' id='word_1_256' title='bbox 278 3769 373 3819; x_wconf 81' lang='lat'>11-13</span> <span class='ocrx_word' id='word_1_257' title='bbox 392 3770 468 3836; x_wconf 83' lang='lat' dir='ltr'><strong>quasi</strong></span> <span class='ocrx_word' id='word_1_258' title='bbox 494 3770 669 3840; x_wconf 83' lang='lat' dir='ltr'><strong>interpolatos</strong></span> <span class='ocrx_word' id='word_1_259' title='bbox 694 3775 838 3828; x_wconf 87' lang='lat' dir='ltr'><strong>minoribus</strong></span> <span class='ocrx_word' id='word_1_260' title='bbox 859 3775 955 3827; x_wconf 80' lang='lat' dir='ltr'><strong>litteris</strong></span> <span class='ocrx_word' id='word_1_261' title='bbox 979 3776 1148 3832; x_wconf 83' lang='lat' dir='ltr'><strong>excudendus</strong></span> <span class='ocrx_word' id='word_1_262' title='bbox 1171 3783 1276 3836; x_wconf 86' lang='lat' dir='ltr'><strong>curavit</strong></span> 
     </span>
     <span class='ocr_line' id='line_1_33' title="bbox 151 3849 1275 3933; baseline 0.016 -30"><span class='ocrx_word' id='word_1_263' title='bbox 151 3851 233 3905; x_wconf 85' lang='lat' dir='ltr'><strong>Pitra.</strong></span> <span class='ocrx_word' id='word_1_264' title='bbox 252 3884 283 3893; x_wconf 93' lang='lat'><em>-</em></span> <span class='ocrx_word' id='word_1_265' title='bbox 302 3855 337 3905; x_wconf 82' lang='lat'><strong>13</strong></span> <span class='ocrx_word' id='word_1_266' title='bbox 356 3856 452 3909; x_wconf 84' lang='lat' dir='ltr'><strong>scricta</strong></span> <span class='ocrx_word' id='word_1_267' title='bbox 463 3857 523 3924; x_wconf 86' lang='lat' dir='ltr'><strong>(sic)</strong></span> <span class='ocrx_word' id='word_1_268' title='bbox 535 3877 557 3923; x_wconf 85' lang='lat' dir='ltr'><strong>c,</strong></span> <span class='ocrx_word' id='word_1_269' title='bbox 576 3859 670 3912; x_wconf 87' lang='lat' dir='ltr'><strong>stricta</strong></span> <span class='ocrx_word' id='word_1_270' title='bbox 687 3861 768 3914; x_wconf 91' lang='lat' dir='ltr'><strong>coni.</strong></span> <span class='ocrx_word' id='word_1_271' title='bbox 782 3861 888 3914; x_wconf 82' lang='lat' dir='ltr'><strong>Pitra.</strong></span> <span class='ocrx_word' id='word_1_272' title='bbox 905 3892 939 3901; x_wconf 98' lang='lat'>—</span> <span class='ocrx_word' id='word_1_273' title='bbox 957 3863 993 3913; x_wconf 87' lang='lat'><strong>14</strong></span> <span class='ocrx_word' id='word_1_274' title='bbox 1011 3849 1173 3932; x_wconf 80' lang='lat' dir='ltr'><strong>Carsydcuic</strong></span> <span class='ocrx_word' id='word_1_275' title='bbox 1185 3883 1213 3933; x_wconf 84' lang='lat' dir='ltr'><strong>c;</strong></span> <span class='ocrx_word' id='word_1_276' title='bbox 1230 3865 1275 3921; x_wconf 91' lang='lat' dir='ltr'><strong>hic</strong></span> 
     </span>
     <span class='ocr_line' id='line_1_34' title="bbox 150 3934 1275 4019; baseline 0.015 -31"><span class='ocrx_word' id='word_1_277' title='bbox 150 3934 219 4003; x_wconf 86' lang='lat' dir='ltr'><strong>lapis</strong></span> <span class='ocrx_word' id='word_1_278' title='bbox 237 3938 300 3991; x_wconf 88' lang='lat' dir='ltr'><strong>alibi</strong></span> <span class='ocrx_word' id='word_1_279' title='bbox 318 3953 371 3992; x_wconf 90' lang='lat' dir='ltr'><strong>nou</strong></span> <span class='ocrx_word' id='word_1_280' title='bbox 389 3941 514 3996; x_wconf 84' lang='lat' dir='ltr'><strong>occurrit</strong></span> <span class='ocrx_word' id='word_1_281' title='bbox 542 3974 572 3983; x_wconf 86' lang='lat'><em>-</em></span> <span class='ocrx_word' id='word_1_282' title='bbox 601 3944 635 3995; x_wconf 78' lang='lat'><strong>15</strong></span> <span class='ocrx_word' id='word_1_283' title='bbox 655 3944 809 3999; x_wconf 84' lang='lat' dir='ltr'><strong>Carsidcnic</strong></span> <span class='ocrx_word' id='word_1_284' title='bbox 827 3964 853 4012; x_wconf 71' lang='grc' dir='ltr'><strong>ος</strong></span> <span class='ocrx_word' id='word_1_285' title='bbox 875 3977 909 3986; x_wconf 93' lang='grc'>-</span> <span class='ocrx_word' id='word_1_286' title='bbox 932 3947 966 3999; x_wconf 84' lang='grc'><strong>17</strong></span> <span class='ocrx_word' id='word_1_287' title='bbox 985 3954 1122 4016; x_wconf 79' lang='lat' dir='ltr'><strong>mergetur</strong></span> <span class='ocrx_word' id='word_1_288' title='bbox 1140 3969 1153 4002; x_wconf 88' lang='grc' dir='ltr'><em>ο</em></span> <span class='ocrx_word' id='word_1_289' title='bbox 1159 3969 1168 4012; x_wconf 73' lang='lat'>3</span> <span class='ocrx_word' id='word_1_290' title='bbox 1185 3964 1275 4019; x_wconf 82' lang='lat' dir='ltr'><strong>neque</strong></span> 
     </span>
     <span class='ocr_line' id='line_1_35' title="bbox 146 4022 897 4097; baseline 0.017 -24"><span class='ocrx_word' id='word_1_291' title='bbox 146 4038 180 4087; x_wconf 84' lang='lat' dir='ltr'><strong>p;</strong></span> <span class='ocrx_word' id='word_1_292' title='bbox 198 4022 338 4088; x_wconf 89' lang='lat' dir='ltr'><strong>pulchrum</strong></span> <span class='ocrx_word' id='word_1_293' title='bbox 355 4042 388 4089; x_wconf 83' lang='lat' dir='ltr'><strong>p;</strong></span> <span class='ocrx_word' id='word_1_294' title='bbox 413 4057 446 4065; x_wconf 92' lang='lat'>-</span> <span class='ocrx_word' id='word_1_295' title='bbox 468 4026 503 4078; x_wconf 80' lang='lat'><strong>19</strong></span> <span class='ocrx_word' id='word_1_296' title='bbox 521 4034 624 4081; x_wconf 85' lang='lat' dir='ltr'><strong>vestem</strong></span> <span class='ocrx_word' id='word_1_297' title='bbox 642 4046 666 4090; x_wconf 71' lang='grc' dir='ltr'><strong>ος</strong></span> <span class='ocrx_word' id='word_1_298' title='bbox 685 4037 857 4084; x_wconf 83' lang='lat' dir='ltr'><strong>consecratur</strong></span> <span class='ocrx_word' id='word_1_299' title='bbox 872 4050 897 4097; x_wconf 84' lang='lat' dir='ltr'><strong>p.</strong></span> 
     </span>
    </p>
   </div>
   <div class='ocr_carea' id='block_1_7' title="bbox 0 0 1438 4620">
    <p class='ocr_par' dir='ltr' id='par_1_8' title="bbox 0 0 1438 4620">
     <span class='ocr_line' id='line_1_36' title="bbox 0 0 1438 4620; baseline 0 4"><span class='ocrx_word' id='word_1_300' title='bbox 0 0 1438 4620; x_wconf 95' lang='lat' dir='ltr'><strong> </strong></span> 
     </span>
    </p>
   </div>
  </div>
 </body>
</html>
