2866 4620
609 332 821 397 -35..

150 516 201 575 τας
220 512 251 565 ὀν
274 512 369 585 αόχόνι
385 512 483 574 ὀδύναι
504 514 586 567 παύει
609 515 717 585 pigricie
736 514 873 585 ῥοδιλαίῳ
893 515 937 566 καλ
959 518 1022 586 ὀπῷ
1046 517 1190 572 mundum
1207 518 1275 573 Her*

150 612 281 653 ramnum
305 594 441 651 »firmaret
462 598 655 667 quodammodo
673 599 814 668 Tyrubitti
839 599 1034 666 coniecturam,
1060 603 1112 657 nisi
1135 601 1275 671 probabile

150 686 238 753 essct,
264 696 300 737 ex
323 688 449 753 corrupta
475 684 590 739 lectione
617 685 684 737 ὀπὸν
710 684 791 739 istam
816 683 1065 753 interpretationem
1093 692 1179 742 ortam
1206 702 1273 742 essa.

151 764 243 833 Quare
254 768 381 835 praetuli,
399 766 471 839 quod
483 768 518 822 ad
529 783 635 823 sensum
648 769 763 838 planius,
780 767 814 823 ad
827 770 1002 825 mutationem
1017 772 1104 827 lenius
1115 778 1165 839 est,
1182 774 1275 835 ὀπτόν,

151 850 181 905 in
198 852 273 921 quod
289 852 442 907 inciderunt
458 854 560 922 llusgr.
579 860 608 908 et
625 854 789 909 Schraderns
806 855 833 908 in
851 855 964 911 Emend.
983 858 1067 925 praei.
1078 874 1106 926 p.
1117 856 1192 912 Vlll.
1223 857 1277 913 Sed

151 942 282 1005 praetera
298 937 393 1008 ρόπρφ
409 953 463 992 non
481 938 509 991 in
526 938 627 1009 πέτρῳ,
645 955 737 993 verum
754 940 782 992 in
800 942 913 1009 πέτρον,
931 948 959 995 et
976 943 1089 1007 μίξειεν,
1107 943 1211 998 etiamsi
1227 958 1276 997 nu·

149 1022 219 1077 meri
235 1036 291 1077 non
307 1020 496 1089 admouerent,
519 1022 548 1076 in
570 1021 636 1093 μίξρ
660 1023 700 1074 ἐνὶ
717 1024 817 1077 mutari
836 1024 944 1078 debuit«
964 1025 1072 1082 Herm.
1101 1026 1163 1081 Neu
1179 1028 1276 1095 proba·

150 1104 368 1161 althaecWiel
388 1110 541 1175 patititur
571 1106 623 1160 »Et
640 1107 741 1176 πέτρον
766 1108 872 1176 quidem
895 1116 925 1163 ut
948 1110 1151 1165 usitatissimum
1173 1111 1200 1165 in
1223 1113 1276 1169 boc

151 1190 272 1247 mimine
289 1191 455 1261 corruptioni
473 1192 618 1246 obnoxium
639 1193 721 1246 fnisse
739 1206 822 1260 aegre
840 1193 946 1259 credas,
969 1192 1066 1249 deinde
1088 1194 1128 1246 ἐνλ
1149 1195 1276 1263 ῥοδόεντι

151 1276 235 1349 liniue
253 1282 283 1331 et
298 1276 475 1345 productione
492 1276 582 1330 brevis
594 1277 712 1345 syllabae
724 1278 758 1331 cb
771 1292 909 1331 caesuram
922 1283 949 1332 et
960 1277 1036 1331 hiatu
1048 1277 1186 1341 laboratum
1205 1296 1275 1350 quae

151 1360 245 1431 qnada
267 1360 312 1414 bic
333 1367 396 1415 sunt
420 1375 581 1429 quamquam
604 1360 682 1416 lacile
704 1367 880 1429 excusantur,
901 1367 992 1415 teman
1014 1362 1057 1416 vel
1075 1378 1092 1417 a
1109 1364 1208 1419 talibus
1230 1365 1276 1421 bic

149 1452 234 1517 pecta
255 1444 456 1515 diligentissime
480 1446 621 1512 abstinuit3
644 1445 758 1514 denique
779 1446 851 1513 quod
868 1447 896 1499 in
914 1446 1094 1514 subsequente
1113 1463 1191 1503 versu
1209 1450 1273 1504 scri·

150 1532 206 1601 psit
222 1530 320 1599 βάψας
336 1530 366 1582 tr
384 1531 471 1600 πορός
487 1530 582 1594 ὀπτόν,
600 1530 645 1585 vix
663 1536 753 1598 potest
771 1531 899 1598 intellegi.
934 1532 1022 1599 Igitur
1039 1532 1111 1601 quod
1128 1533 1224 1589 melius
1240 1535 1276 1589 sit

150 1614 255 1685 aliquid
272 1616 506 1684 circumspectanti
528 1630 577 1684 pro
599 1617 692 1686 μέτρῳ
715 1618 832 1670 occurrit
856 1616 911 1669 sive
935 1618 1017 1688 νίτρῳ
1040 1619 1096 1672 sive
1119 1618 1196 1690 ἢτριρ
1219 1619 1275 1674 sive

149 1701 257 1771 ρδρτῳ,
275 1715 388 1769 querum
406 1701 471 1769 quid
488 1707 571 1768 poeta
589 1700 726 1767 scripserit
742 1700 770 1753 in
787 1706 864 1753 tenta
880 1701 960 1754 buius
977 1701 1030 1755 loci
1047 1702 1211 1758 obscuritate
1229 1705 1275 1758 vix

151 1784 289 1855 dispicias.
326 1784 395 1839 Mihi
411 1786 618 1855 praeferendum
635 1786 742 1840 videtur
757 1785 855 1855 μὺρτιρ
877 1784 958 1854 idque
976 1787 1010 1841 cb
1027 1787 1098 1842 hanc
1115 1803 1196 1842 unam
1213 1804 1275 1844 cau·

150 1882 223 1937 sam,
248 1869 333 1938 quod,
356 1871 482 1941 qnoniam
500 1871 533 1925 de
550 1869 694 1924 herbarum
712 1871 770 1924 cleo
794 1871 897 1937 agitur,
921 1886 981 1924 cum
1004 1872 1131 1940 ῥοδόεντι
1149 1874 1230 1944 ἐλαίῳ
1247 1880 1275 1929 at

152 1954 211 2025 ὀπᾷ
229 1954 331 2022 optime
349 1955 490 2010 convenire
508 1950 628 2021 videtur,
646 1961 732 2009 totum
750 1960 840 2009 autem
858 1953 946 2009 locum
968 1957 1007 2009 sic
1024 1957 1189 2025 scripserim:

356 2064 453 2134 μύρτῳ
471 2065 498 2116 δ’
519 2064 548 2124 ὅς
564 2066 610 2117 ιιέν
628 2083 672 2127 μιν
690 2063 755 2135 ulfy
774 2065 897 2134 ῥοδόεντι
916 2068 944 2117 τ’
962 2066 1041 2136 ἐλαίῳ

358 2148 454 2214 βάψας
471 2148 569 2218 ἔπορ’
587 2153 653 2220 ὀπῷ,
671 2151 716 2218 ὅγ’
734 2151 898 2221 λναοχενίαις
916 2152 1041 2224 ὀδύνῃσιν

152 2276 206 2331 bac
229 2275 375 2330 sententia:
401 2276 562 2344 Lapidem
585 2278 613 2330 si
634 2278 710 2345 quis
727 2278 903 2332 miscuerit
924 2294 995 2334 cum
1013 2280 1083 2334 cleo
1100 2278 1275 2348 myrrhino

153 2364 186 2413 et
202 2374 345 2416 rosaceo
363 2368 396 2415 et
414 2361 527 2415 calido
544 2362 607 2415 hoc
624 2376 705 2415 succ
724 2378 757 2416 se
780 2363 969 2431 inunxerit,
991 2364 1021 2418 is
1040 2363 1125 2418 colli
1148 2362 1276 2418 doleri·

144 2444 214 2500 -bus
236 2444 439 2500 medebitur.
475 2445 541 2501 Olcc
559 2446 629 2499 enim
646 2447 781 2511 myrrhino
800 2447 867 2501 nihil
884 2448 1051 2516 frequentius
1068 2448 1140 2515 apud
1158 2447 1276 2503 medicos

153 2532 312 2601 scriptorem
328 2532 435 2597 μορτός
446 2536 474 2585 et
486 2531 681 2586 substantivum
693 2541 735 2586 cst
750 2538 778 2586 et
789 2532 948 2586 adiectivum
955 2553 963 2594 ;
981 2550 1026 2595 μιν
1038 2539 1151 2600 propter
1162 2546 1276 2599 sequen·

153 2622 207 2671 tem
226 2616 339 2671 similem
357 2616 487 2685 syllabam
504 2617 582 2671 facile
601 2616 714 2683 excidit,
732 2616 891 2670 offensiones
908 2617 1034 2669 metricas
1051 2616 1125 2670 vides
1143 2615 1277 2681 sublatam

152 2700 271 2767 βάπτειν
295 2701 389 2756 eedem
412 2702 520 2755 notione
543 2700 727 2769 accipiendum
748 2716 802 2768 qua
819 2700 922 2762 loriam
947 2699 1050 2767 ἔττορα
1075 2706 1165 2753 autem
1182 2699 1275 2754 adver·

153 2784 227 2841 bium
245 2790 287 2839 est
304 2791 335 2839 ui
352 2784 446 2853 Epigr.
464 2785 498 2839 ad
516 2790 550 2840 64
568 2790 602 2852 (v.
615 2791 659 2855 82)
679 2786 781 2855 ἔιπυρα
794 2784 881 2838 λούειν
887 2805 895 2848 ;
909 2785 1024 2854 denique
1042 2787 1100 2855 ὀπῷ
1117 2785 1276 2839 vocabulum

153 2868 261 2925 omnino
285 2869 443 2923 serrandum
466 2870 531 2924 duxi
549 2875 624 2923 utet
644 2886 735 2924 rarum
759 2875 787 2923 et
810 2871 893 2923 totins
910 2868 962 2924 loci
980 2870 1129 2923 sententiae
1146 2870 1276 2938 imprimis

154 2953 411 3015 accommodatum«.
447 2954 521 3008 Haec
538 2953 618 3021 Wiel,
636 2954 772 3021 ingeniose
790 2969 862 3008 sane.
888 2951 996 3023 Πέτρον
1017 2955 1044 3006 δ’
1063 2955 1094 3014 ὅς
1110 2971 1154 3005 τεο
1173 2952 1275 3018 pierres

153 3039 285 3107 ῥοδόεντι
303 3037 385 3109 ἐλαίῳ
408 3034 495 3107 Τήξας
513 3039 542 3090 ἐν
561 3038 626 3105 πυρλ
643 3042 752 3105 πρῶτον
770 3040 863 3109 ὀναινχ.
879 3039 918 3091 ὀδ.
931 3036 988 3091 dii.
1002 3035 1068 3104 ὀγει.
1088 3038 1154 3091 coni.
1168 3037 1276 3092 Seiden·

153 3122 215 3178 adel
232 3140 259 3192 p.
277 3125 302 3178 7.
337 3120 397 3189 Ego
421 3122 558 3190 egregiam
581 3124 606 3175 A
630 3121 691 3175 libri
715 3122 873 3189 scripturam
897 3122 991 3191 paucis
1013 3128 1118 3175 tantum
1137 3121 1277 3188 orthogra-

154 3207 242 3276 phicis
259 3207 370 3261 mutatis
387 3207 485 3274 recepi.
517 3207 568 3260 Prc
587 3207 616 3259 ἐν
635 3207 770 3277 adleuare
787 3207 849 3260 clim
865 3208 893 3259 in
910 3208 997 3275 Epist.
1015 3223 1041 3274 p.
1054 3211 1084 3260 15
1102 3206 1191 3277 ἐνοοχ.
1213 3205 1277 3259 scri·

154 3290 273 3347 bendum
290 3304 349 3345 esse
367 3290 423 3345 dixi
429 3310 437 3352 ι
460 3305 616 3359 perperam,
634 3295 741 3345 retento
759 3291 829 3343 enim
848 3292 1003 3362 ἐναοχένιος
1019 3289 1149 3345 vocabulo
1167 3290 1276 3359 λνοοχι-

156 3377 219 3429 νόινν
238 3376 360 3429 ὀδυνάων
376 3372 462 3444 ἄλκαρ
474 3374 642 3428 scribendum
653 3375 755 3428 fuisset.
773 3404 806 3413 -
826 3375 888 3427 507
909 3374 1021 3444 ὀτειρὴν
1035 3373 1107 3440 Pal.;
1125 3372 1187 3444 ὕλην
1200 3372 1276 3427 codd.

154 3467 183 3516 et
206 3458 267 3514 edd.
292 3465 354 3514 ante
378 3460 482 3527 Herm,
507 3458 564 3512 lida
589 3460 656 3512 coni.
680 3457 812 3513 Schrader
834 3459 861 3511 in
884 3459 996 3513 Emend.
1020 3459 1106 3513 Praei.
1125 3474 1152 3524 p.
1165 3455 1230 3510 VIII
1249 3461 1277 3509 et

154 3544 277 3601 Bernard
299 3544 327 3597 in
347 3546 403 3600 vita
425 3545 528 3600 Reislrii
552 3560 579 3612 p.
598 3548 663 3607 225,
687 3544 790 3611 recepit
811 3544 902 3596 Herm.
932 3574 966 3584 —
996 3544 1059 3595 508
1080 3540 1223 3609 aerdtyops
1240 3539 1278 3605 ὓς

155 3628 259 3698 ἀνδρὸς
277 3627 300 3680 V
318 3628 346 3681 in
364 3634 452 3691 textu,
471 3629 542 3697 quod
561 3634 710 3683 correctum
727 3627 755 3680 in
768 3642 851 3695 marg.
869 3659 903 3667 -
921 3628 985 3681 509
1004 3627 1136 3692 δεοομέοη
1149 3621 1236 3676 PPal.
1249 3627 1277 3674 et

156 3712 295 3770 addente
307 3712 408 3775 Herm,
427 3715 559 3783 σευορὲνη
578 3714 645 3768 ceni.
658 3713 769 3780 Mnsgr.¹
789 3713 904 3781 δοορένη
916 3709 1070 3776 Schneider,
1089 3706 1160 3777 quod
1175 3705 1278 3774 recepit

156 3798 265 3859 Herm
282 3795 461 3861 βοοβώνεοοι
479 3797 555 3853 codd.
574 3797 638 3851 dett.
657 3802 685 3851 ct
703 3798 763 3852 edd.
782 3803 845 3851 ante
862 3797 963 3859 Herm,
987 3794 1033 3861 qui
1050 3793 1134 3848 tacite
1152 3790 1277 3847 correxit.

155 3883 222 3938 Post
238 3896 264 3938 v.
282 3884 334 3937 509
352 3881 447 3937 titulus
464 3884 608 3951 κοοραλιον
627 3883 688 3937 inP
706 3889 734 3936 ct
751 3882 811 3937 cdd.
824 3887 887 3935 ante
899 3878 1013 3947 Tyrwh,
1032 3878 1077 3946 qui
1095 3878 1197 3946 primns
1214 3876 1277 3929 titu-

155 3965 212 4021 lum
224 3967 321 4031 omisit,
339 3967 469 4035 παράλιον
487 3968 515 4020 in
527 3967 566 4031 M,
585 3968 650 4037 περὶ
667 3967 794 4035 ιοραλίοο
811 3967 839 4019 in
851 3964 917 4030 BV,
934 3963 999 4032 περὶ
1010 3962 1155 4029 κουραλίου
1173 3963 1201 4015 in
1213 3960 1279 4027 Pal,

155 4052 221 4120 περὶ
238 4051 380 4121 ιοραλλλοο
398 4055 423 4106 Α
441 4052 470 4105 in
486 4066 570 4120 marg.
592 4085 626 4094 -
656 4054 711 4105 610
729 4051 876 4116 ἁμαδύνειν
894 4050 925 4103 Β.
943 4079 977 4089 -
1002 4050 1049 4101 511
1063 4051 1162 4116 καίπερ
1182 4046 1278 4117 σηΐδαο
