2866 4620
621 346 831 411 ..52-

163 534 272 605 worp
290 534 320 586 δ’
338 530 374 585 οὔ
391 528 435 581 tot
452 526 611 585 enimv
627 528 687 595 eii,
704 528 864 601 τοσαῦτ’
882 528 977 595 inihi,
996 528 1291 601 reid’oddmflteph

164 624 192 673 et
206 617 266 673 rell.
278 622 342 671 onte
355 615 448 669 Herm
460 612 507 682 qui
523 617 564 684 τῷ
582 614 609 666 δ’
627 611 682 685 ἄρ’
702 614 745 669 ἔπι
762 614 879 685 scripsit,
895 612 978 684 idque
994 616 1102 687 recepi,
1120 630 1188 671 enm
1205 618 1248 669 τῦ
1264 616 1289 669 δ’

163 698 215 772 ἄρ’
234 701 278 755 bri
295 704 372 755 extet
389 699 418 752 in
434 699 467 752 A.
485 700 525 768 τῷ
543 697 572 749 δ’
589 697 624 751 οὔ
641 699 821 755 reducendum
839 712 897 753 esee
915 697 984 753 dixit
1005 696 1081 753 wlel
1095 716 1124 769 p.
1142 702 1195 755 86:
1214 700 1291 755 »iseo

163 786 234 840 enim
250 783 394 855 porticulo,
411 782 481 837 sicut
497 782 654 839 Latinorum
672 790 784 839 eutem
807 798 860 837 non
882 798 944 837 roro
960 782 1115 839 narrationi
1132 784 1289 855 simpliciter

164 870 360 925 continuondee
377 867 495 931 inseruit,
512 867 587 923 nullu
603 870 657 925 uliu
674 870 782 924 notione
800 867 952 923 adiuncto«.
970 898 1006 909 -
1026 868 1087 923 teo
1100 868 1288 943 ελαιεοληςΒ,

163 986 282 1058 imbec
302 986 325 1041 r
342 988 398 1042 οοι.
418 988 480 1055 arf,
497 952 624 1058 litter
640 987 673 1043 ο.
692 987 814 1041 elem
835 987 858 1041 P
880 990 944 1041 οοιο
966 1002 1036 1043 eurr.
1054 1016 1090 1029 -
1111 988 1166 1043 181
1186 988 1288 1049 εειιιι

162 1070 230 1128 BV.
247 1103 278 1114 -
298 1074 355 1127 132
369 1073 419 1126 τάν
438 1074 495 1129 Pul
507 1072 540 1137 V,
559 1092 608 1126 ταν
625 1075 655 1142 Β,
672 1075 722 1144 τὴν
740 1074 770 1125 δ’
787 1073 825 1126 Μ.
842 1072 979 1125 κατένοπα
991 1072 1024 1127 A.
1041 1102 1077 1115 -
1100 1074 1163 1127 188
1176 1076 1287 1145 mim

162 1155 322 1213 BPPol.V
339 1159 401 1222 uil,
417 1158 547 1227 μαίνησευ
564 1159 594 1212 Μ
613 1174 673 1213 oum
690 1158 725 1226 gh
743 1156 881 1227 ὥρμησεν.
901 1156 1020 1227 μαίμησε
1040 1156 1089 1229 [A]
1116 1156 1217 1229 Steph.
1234 1160 1286 1215 roll.

161 1243 301 1312 δρεσκῶου
319 1244 345 1297 A
353 1243 383 1296 M
393 1241 425 1310 V,
438 1244 568 1312 ὀρεσκόου
580 1242 636 1297 Pul.
649 1241 788 1311 ὀρεσκώον
807 1240 863 1296 eii.
876 1243 980 1295 -134
993 1238 1087 1296 εῖλυτο
1106 1242 1184 1313 ΒΜ,
1202 1244 1286 1299 εἴλυτο

160 1326 218 1381 rell
230 1327 296 1382 dett.
314 1333 342 1381 et
360 1326 421 1381 edd.
438 1327 537 1380 elicito
548 1328 582 1395 A,
599 1327 671 1396 quod
688 1326 801 1395 probari
818 1325 846 1379 in
858 1326 935 1394 epist.
950 1330 1007 1396 p.8
1029 1342 1109 1383 »cum
1127 1324 1218 1385 εῐλόα
1232 1344 1286 1385 nne
1347 1386 1349 1393 ,

160 1427 241 1480 quum
266 1410 331 1465 olibi
357 1410 480 1464 volvendi
504 1410 679 1479 vertendique
705 1407 925 1479 significationem
950 1408 1080 1465 hubent«.
1108 1410 1189 1467 wo
1207 1414 1242 1471 A.
1258 1444 1285 1455 -
1347 1468 1349 1473 ,

160 1497 217 1549 too
231 1494 315 1549 schol.
332 1494 450 1548 Moschi:
474 1494 590 1555 πολλοὺς
609 1495 723 1555 κύκλους
745 1494 788 1546 καλ
805 1494 901 1553 πλοκὰς
916 1495 1181 1565 περιποιούμενος
1198 1499 1285 1555 ἔτους

160 1609 195 1621 -
212 1582 259 1633 ἔπ’
276 1577 358 1639 ἄλλος
375 1580 396 1632 P
413 1585 442 1633 et
458 1580 518 1635 edd.
530 1586 592 1634 ente
605 1580 696 1634 Herm.
715 1580 761 1648 qui
777 1580 860 1633 tacite
878 1578 925 1633 ἔπ’
943 1577 1037 1633 edidit.
1056 1579 1101 1635 ἴτ’
1119 1578 1208 1645 ἄλλος
1224 1584 1285 1640 ocni

159 1664 318 1728 Schneider,
341 1665 413 1734 quod
436 1671 525 1719 tumen
543 1664 697 1719 Hermanno
719 1665 807 1718 minus
824 1664 959 1732 poeticum
979 1665 1067 1718 risum
1090 1672 1142 1721 ent
1181 1670 1285 1725 Schnei-

160 1751 218 1806 deri
236 1751 416 1806 coniecturum
427 1752 452 1803 A
469 1750 530 1804 libri
548 1751 681 1818 scripture
699 1750 729 1801 δέ
740 1751 769 1801 τ’
784 1746 862 1808 ἄλλος
879 1746 980 1802 flrmeri
998 1748 1055 1803 dixi
1075 1748 1106 1805 in
1123 1752 1208 1821 epist
1220 1770 1248 1823 p,
1258 1758 1284 1815 ες

160 1835 207 1890 sed
224 1837 312 1905 ipsum
329 1836 395 1891 illud
413 1838 444 1889 δέ
454 1839 483 1889 τ’
501 1834 581 1897 ἄλλος
598 1836 781 1905 recipiendum
792 1835 851 1889 fuit.
869 1834 1047 1897 λλισσομένου
1059 1832 1093 1887 Β.
1106 1836 1214 1909 τρόχος
1230 1838 1284 1895 αλλ

158 1924 222 1976 onte
242 1920 334 1991 Steph.
346 1923 445 1993 τροχός
455 1923 486 1976 Β.
521 1923 554 1977 In
574 1922 631 1976 Pul
647 1922 711 1975 huic
727 1920 815 1975 versui
834 1920 1004 1989 corruptelae
1026 1918 1135 1989 signum
1156 1924 1191 1991 (τ)
1211 1940 1284 1995 pree·

157 2004 217 2060 fixit
234 2006 366 2062 librariae.
384 2037 418 2047 —
441 2009 496 2060 137
510 2008 629 2079 ὴέρταξε
648 2008 682 2070 A,
705 2006 841 2078 ἠέρταζεν
865 2003 943 2059 codd.
961 2003 1027 2059 dett.
1045 2011 1074 2059 et
1090 2005 1155 2063 edd.
1179 2040 1209 2051 -·
1231 2008 1283 2063 188

156 2091 282 2157 βοῶντος
298 2091 355 2145 Pul.
374 2098 436 2146 onte
455 2106 522 2146 corr.
541 2122 573 2131 -
598 2091 654 2144 loe
668 2090 771 2143 τύπτον
789 2087 953 2143 BPPal.V
970 2088 1027 2143 nii.
1048 2091 1205 2160 ὀρεσκῶοιο
1223 2094 1282 2148 Av

157 2174 216 2228 cii.
233 2206 266 2217 -
283 2176 341 2227 140
353 2175 382 2228 in
393 2176 418 2227 A
436 2180 498 2242 post
514 2176 586 2242 ἀμφ’
604 2176 681 2229 αὐτῶ
700 2176 735 2226 to
752 2174 812 2241 (sic)
830 2173 910 2228 unius
921 2187 1015 2227 versus
1026 2174 1123 2241 'spatio
1142 2176 1285 2233 interiecto

158 2258 279 2326 sequitur
297 2274 322 2312 ν.
342 2263 453 2328 1448οι1.
471 2289 506 2301 ·-
527 2258 609 2313 ἅκικιν
630 2261 689 2315 edd.
708 2264 771 2314 onte
793 2260 894 2322 Herm,
916 2256 1005 2312 ἄκικυν
1033 2257 1110 2313 codd.
1130 2276 1237 2319 omnes„
1255 2294 1283 2304 -

158 2343 207 2395 141
226 2342 258 2394 od
274 2343 329 2412 γὰρ
348 2343 425 2400 codd.
442 2350 471 2399 et
487 2344 547 2398 edd.
564 2351 627 2399 unte
637 2345 728 2400 Herm
748 2346 794 2414 qui
812 2344 878 2397 οὐδ’
897 2341 955 2414 ἄρα
972 2344 1080 2413 scripsit
1092 2358 1130 2399 ex
1141 2346 1285 2417 Tyrrhitti

159 2426 324 2495 coniectura,
352 2443 431 2496 quum
452 2429 525 2484 Wiel
547 2445 573 2498 p.
591 2431 625 2483 36
648 2427 763 2482 firmarit
785 2428 868 2481 ulleto
893 2426 974 2495 Orph.
992 2428 1059 2494 Arg.
1078 2442 1102 2480 v.
1123 2431 1178 2486 527
1197 2436 1240 2503 τᾷ
1255 2432 1284 2485 δ’

158 2507 214 2581 ἄρα
229 2509 361 2581 μόρσιμον
380 2512 428 2583 ἦεν
447 2513 496 2581 ὑφ’
510 2510 638 2583 Ἡρακλῆϊ
653 2513 777 2581 δαμῆναι.
795 2541 830 2552 m
847 2512 902 2563 242
918 2509 1074 2564 αἰπολίοισιν
1093 2510 1240 2583 ἀκοπρόθι
1254 2516 1283 2570 Β.

156 2596 347 2662 βοσκομένυισι
358 2597 380 2650 Ρ
392 2596 416 2650 V
432 2602 460 2650 et
472 2595 531 2651 odda
544 2602 607 2651 ante
619 2597 710 2650 Hermu
726 2626 758 2636 -
775 2596 832 2647 143
847 2595 990 2664 ἑσπομὲνῳ
1007 2593 1062 2648 eii.
1080 2594 1132 2647 δύο
1151 2600 1220 2651 κῦνε
1238 2616 1284 2653 πα·

157 2681 223 2750 epte
239 2681 308 2745 ἔμοῦ
325 2700 348 2735 κ.
366 2682 404 2736 Μ.
422 2681 569 2751 κεκληκότα
588 2680 656 2737 BV.
674 2698 716 2735 vr.
733 2682 789 2734 145
795 2682 880 2734 -146
899 2682 927 2735 in
946 2678 1052 2733 Moschi
1076 2682 1232 2750 exemplari
1248 2682 1284 2737 sic

157 2765 394 2819 conmemorant:
418 2765 461 2835 χῴ
482 2767 532 2830 μὲν
551 2764 602 2834 ἄρ’
626 2765 727 2819 ἔσσυτο
750 2768 833 2821 τοῖιν·
859 2767 914 2833 ἐγὼ
939 2765 967 2817 d'
991 2764 1020 2824 ic
1040 2766 1124 2833 γαῖαν
1148 2768 1282 2837 ὀρυῦσαςς

156 2847 238 2902 verbo
256 2847 424 2907 ὑλάσσοντος
440 2848 608 2916 ἐπέδραμον·
627 2850 714 2918 αὐτὰρ
732 2850 750 2900 ὅ
760 2852 791 2918 γ’
809 2850 879 2917 αἶψα
897 2850 987 2903 ἀντίον
1007 2847 1099 2903 addidi
1116 2864 1154 2905 ex
1165 2851 1201 2907 Δ.
1219 2852 1283 2908 020·

155 2939 244 2989 terum
260 2933 349 2988 erravi
365 2932 393 2987 in
410 2934 488 3001 epist.
506 2950 532 3002 p.
547 2936 594 3001 21,
611 2934 657 2988 ubi
673 2935 808 2989 infelicem
825 2935 967 3003 quemdem
988 2933 1193 2991 emendatorem
1211 2942 1282 3007 post·

156 3032 236 3087 quem
260 3034 285 3073 v.
309 3022 357 3074 145
379 3018 537 3082 excidisset,
566 3018 601 3089 χ’
627 3020 649 3071 υ
673 3020 723 3083 μὲν
751 3016 801 3090 ἄρ’
828 3035 877 3088 pro
901 3018 993 3071 ἀντίον
1022 3018 1195 3076 substituisse
1219 3020 1281 3077 dlxi.

155 3103 238 3158 Immo
255 3103 284 3158 in
301 3104 456 3173 exemplari,
468 3102 539 3157 unde
551 3104 713 3159 deteriorum
725 3104 846 3159 codicum
857 3105 1022 3173 archetypus
1035 3110 1110 3159 ortus
1122 3112 1175 3171 eet,
1192 3122 1220 3162 r.
1235 3110 1282 3163 144

154 3204 208 3243 non
225 3188 318 3254 οἱμὲν
336 3185 386 3259 ἄρ’
403 3192 445 3256 (ut
462 3187 490 3241 in
507 3188 533 3241 A
551 3191 617 3255 eut),
644 3188 692 3243 sed
716 3190 785 3243 orosi
803 3190 848 3242 rix
866 3189 999 3243 tolerabili
1014 3186 1058 3259 χῴ
1075 3188 1126 3252 μὲν
1145 3188 1200 3261 ap·
1218 3192 1281 3247 sori·

154 3278 231 3345 ptum
246 3279 315 3339 eret,
332 3274 403 3329 unde
421 3272 523 3329 librarii
540 3273 611 3329 oculi
628 3274 663 3328 ud
681 3272 780 3326 ἔσσυτο
797 3274 825 3326 in
841 3274 964 3344 sequenti
976 3289 1056 3328 versu
1073 3274 1279 3332 oberraverunt.

154 3356 183 3410 oi
191 3356 241 3423 μὲν
258 3372 308 3429 pro
319 3358 346 3411 oi
354 3358 405 3421 uis
418 3372 469 3425 ego
481 3358 582 3427 scripsi.
611 3359 757 3427 vulgatum
773 3358 924 3422 lectionem,
939 3360 974 3429 χ’
993 3359 1015 3410 υ
1028 3358 1077 3423 μὲν
1099 3354 1153 3428 ἄρ’
1171 3358 1280 3429 ἔσσυτο,

153 3440 341 3499 Etohenbschi
357 3442 472 3497 versioni
491 3451 535 3497 »et
556 3444 584 3498 in
600 3444 674 3513 ipsos
691 3443 773 3499 druco
790 3443 884 3498 irruit«
908 3443 1018 3496 minime
1037 3444 1183 3499 convenire
1200 3444 1279 3501 intel·

150 3524 221 3583 inxit
235 3526 355 3597 Tyrwh,
376 3541 460 3595 quere
480 3529 515 3599 χ’
533 3528 556 3581 ‹i›
574 3528 623 3591 ιιέν
643 3528 691 3580 ἔπ’
709 3526 811 3581 ἔσσυτο
829 3530 897 3581 τοῖιν
919 3526 1053 3596 coniecit,
1077 3526 1151 3595 quod
1173 3530 1279 3600 recepit

152 3606 244 3677 Herm.
261 3610 309 3681 qni
319 3614 411 3665 umen
421 3610 504 3667 tacite
521 3611 656 3665 ἐπέσσυτο
674 3612 788 3681 scripsit.
810 3642 841 3652 —
862 3613 896 3682 χ’
914 3610 936 3682 ql
953 3608 1063 3666 enotavi
1080 3624 1115 3665 ex
1127 3612 1159 3667 Μ
1172 3612 1232 3669 Pul
1244 3614 1278 3683 V,

160 3688 185 3720 ¹⁴
201 3694 226 3749 ὅ
241 3692 293 3759 μέν
310 3708 346 3749 ex
361 3694 394 3763 Β,
410 3691 448 3764 ἄρ
465 3710 500 3751 cx
516 3695 701 3760 nirv3inss
719 3701 747 3749 et
764 3696 821 3750 Pul.
839 3710 921 3765 supra
938 3698 1007 3748 τοῖϊν
1027 3696 1100 3750 etin
1117 3710 1204 3766 marg,
1219 3714 1278 3755 eor·

212 3772 277 3837 sulse
292 3776 397 3847 signnm
414 3784 469 3847 est;
485 3778 639 3833 Demetrius
653 3779 758 3834 Moschi
776 3795 840 3849 ergo
854 3780 898 3853 χῴ
914 3780 950 3835 ed
968 3796 1056 3850 canes,
1074 3780 1146 3832 τοῖιν
1165 3780 1201 3835 sd
1213 3782 1276 3839 ‹lra-

212 3860 381 3917 nrotnlisse
391 3862 506 3919 videtur.
520 3892 555 3904 -·
573 3864 695 3932 ὀρυῦσας
706 3864 736 3918 Β.
756 3896 788 3907 -
805 3866 862 3917 147
875 3865 1068 3930 iocrddnvotrt
1080 3864 1116 3932 A,
1133 3864 1195 3919 λάοι
1206 3869 1280 3935 θάμ-

151 3962 221 4023 ..err
234 3942 268 4001 tt
277 3942 302 3999 P
310 3944 403 4003 ΡΗ
425 3947 465 4018 (1ιί
482 3947 536 4003 duo
558 3946 666 4017 quidem
688 3964 748 4004 eum
771 3953 941 4019 corruptelae
965 3951 1053 4019 signo)
1076 3955 1104 4003 et
1128 3947 1191 4006 edd.
1210 3960 1277 4010 oute

150 4020 257 4099 mh,
274 4026 323 4097 qul
332 4027 443 4085 Gesneri
460 4032 641 4088 coniecturum
657 4032 745 4101 λάθοι,
763 4033 845 4102 (idem
856 4039 931 4088 extet
947 4035 976 4088 iu
991 4034 1025 4100 B)
1042 4032 1154 4101 recepit
1175 4036 1281 4108 [letet

147 4112 234 4169 vertit
248 4110 466 4186 nubentem]
485 4118 576 4172 Herm.
594 4116 680 4171 idries
703 4119 811 4187 scripsit
828 4118 863 4173 od
881 4119 1032 4173 litterarum
1049 4119 1169 4184 ductum,
1188 4127 1221 4176 ut
1239 4125 1280 4178 vi·
