2866 4620
590 322 823 386 ..100-

151 503 208 578 Ιχτι
223 506 259 574 γέ
278 523 328 570 μιν
347 510 402 573 est;
424 503 482 576 ἔχει
499 505 530 556 δέ
546 523 590 570 μιν
609 506 667 562 rell.
686 505 762 561 codd.
779 511 808 560 et
825 505 885 560 edd.
904 511 967 560 aute
984 506 1077 560 Herm.
1101 525 1160 570 »μιν
1179 509 1274 576 opinor

150 590 179 648 iu
196 589 248 645 hoc
266 589 327 645 1οοο
346 589 410 645 ferri
428 589 530 658 nequit.
565 590 651 645 Poeta
667 590 782 646 fortasse
800 589 874 644 dedit
895 589 952 662 ἔχει
969 591 1000 643 δέ
1018 591 1273 659 ,6166616166-

150 683 218 730 tem
235 690 319 731 sene
337 674 539 743 sanguinem
558 684 782 730 concretum«
805 676 932 745 Tyrwh.
960 679 1013 731 »At
1031 678 1062 729 δὲ
1078 679 1130 742 μὲν
1148 694 1203 732 606
1220 693 1273 731 me·

150 759 192 829 gis
209 774 290 829 quam
305 758 350 824 μὶν
369 758 421 815 hoc
438 757 497 813 loco
516 759 582 814 ferri
597 766 696 828 potest.
726 761 823 830 Itaque
841 760 900 832 ἔχοι
917 763 948 814 δέ
965 781 1011 815 κεν
1032 764 1150 832 reposui.
1181 759 1234 815 Κὲν
1247 769 1274 817 et

149 844 194 909 μλν
212 859 295 913 quum
311 844 389 911 alibi,
407 850 465 898 tum
482 860 546 898 mox
562 862 585 900 v.
604 849 655 901 658
673 847 766 915 [vulp]
789 852 989 916 permutantur,
1013 849 1041 902 in
1059 864 1139 918 quem
1157 863 1271 914 versum,

150 944 220 998 quae
231 928 276 983 hic
287 928 342 997 legi
353 929 496 996 debebant,
508 928 567 1001 ἔχοι
578 937 607 984 et
617 931 663 982 κέν
676 930 865 999 irrepserunt«
880 934 986 986 Herm.
995 963 1029 974 —
1041 933 1107 997 αἷμα
1116 934 1148 988 Β.
1162 964 1195 974 -
1210 933 1273 986 660

151 1013 180 1071 ἒν
198 1013 288 1067 Herm.
306 1013 402 1080 tacite,
425 1013 452 1065 οἱ
470 1015 507 1075 Δ,
531 1014 565 1082 οἳ)
589 1015 665 1069 codd.
684 1014 749 1068 dett.
773 1022 802 1068 et
823 1016 897 1082 edd,
921 1017 1054 1087 ἐτήτυμον
1076 1019 1116 1086 A,
1140 1018 1275 1088 ἐτήτυμος

151 1098 227 1170 codd.
240 1098 307 1158 dett,
325 1106 353 1152 et
371 1097 430 1152 edd.
448 1098 599 1168 (ἑτήτ.Μ);
619 1099 731 1162 αἵματος
749 1099 820 1152 ἐστίν
841 1100 916 1155 codd.
935 1103 1009 1168 (ἐστί
1023 1103 1064 1171 Μ)
1082 1103 1139 1157 aif.
1161 1131 1195 1142 —
1218 1103 1274 1155 661

150 1178 268 1255 &praec
286 1184 317 1238 B.
337 1215 363 1223 -
387 1183 450 1235 662
467 1185 589 1253 γίγνεται
606 1187 632 1238 A
649 1192 677 1238 et
695 1185 785 1239 Herm.
805 1201 839 1238 ex
856 1187 932 1254 coni,
950 1189 1055 1255 γίνεται
1072 1187 1129 1241 rell.
1149 1187 1227 1242 codd.
1246 1194 1273 1243 et

150 1269 220 1336 edd,
235 1270 282 1324 cfr.
294 1268 329 1324 ad
341 1286 365 1325 v.
375 1275 433 1325 519.
445 1301 480 1313 -
491 1271 558 1330 λαἀς
570 1270 609 1338 Α;
632 1270 680 1324 ἔπ’
693 1272 726 1339 V,
741 1272 785 1325 ἐτ’
797 1272 853 1326 ais.
868 1302 897 1311 -
912 1273 976 1326 663
987 1274 1014 1325 δ’
1029 1275 1069 1333 ὡς
1080 1273 1185 1325 ἐπέοικε
1198 1272 1273 1327 codd.

149 1358 242 1424 (φαεν
261 1356 298 1423 V)
316 1361 345 1409 et
363 1354 422 1409 edd.
441 1362 503 1409 aute
521 1356 613 1410 Herm.
644 1357 778 1424 »Vulgata
795 1357 875 1411 lectio
894 1359 1020 1427 ἀκήρατα
1038 1357 1066 1408 δ’
1084 1357 1122 1417 ὡς
1138 1358 1272 1424 ἐπέοικεν,

150 1440 279 1510 φάρμακ’
297 1437 366 1511 ἔχει·
385 1442 526 1510 νημερτές,
547 1447 576 1494 et
593 1457 662 1510 quae
680 1448 830 1510 sequuntur
846 1459 900 1496 non
917 1442 1004 1496 solnm
1016 1442 1085 1497 male
1104 1458 1176 1495 nexa
1190 1443 1275 1496 hebet

149 1526 270 1580 membre
288 1528 336 1580 sed
354 1529 435 1581 etiam
452 1526 549 1595 frigido
561 1528 613 1581 isto
625 1528 815 1596 additamento,
834 1529 872 1588 ὡς
883 1529 1002 1580 ἐπέοικεν
1016 1527 1137 1580 laboratu
1159 1527 1274 1595 Herm,

150 1625 235 1678 quare
253 1611 282 1662 δ’
299 1609 387 1663 οὕνεκ’
406 1612 490 1664 ἔοικεν
509 1612 623 1679 scripsit,
642 1613 714 1681 quod
731 1614 830 1680 recepi,
848 1613 899 1666 nisi
918 1613 989 1680 quod
1009 1612 1080 1664 ἔοικε
1098 1613 1225 1679 praetuli.
1244 1644 1269 1652 -

151 1696 215 1748 664
233 1694 290 1766 ἔχει
302 1697 328 1750 A
339 1696 369 1749 M
381 1697 472 1764 Steph.
484 1703 512 1750 et
527 1697 584 1750 rell.
597 1697 656 1751 edd.
676 1704 739 1750 ante
757 1698 856 1764 Herm,
875 1697 931 1774 ἔχοι
949 1697 1005 1751 rell.
1025 1697 1102 1752 codd.
1121 1698 1188 1752 dett.
1208 1697 1273 1759 aif,

152 1779 227 1853 ἔχειν
246 1781 337 1836 Herm.
360 1811 395 1825 -
415 1800 460 1845 μιν
483 1780 586 1847 Hem,
610 1797 654 1831 κεν
678 1780 754 1834 codd.
773 1786 801 1832 et
823 1780 880 1833 rell.
898 1779 957 1834 edd.
992 1812 1019 1820 —
1051 1781 1115 1832 6611
1134 1782 1273 1834 καλέουσιν

150 1865 236 1933 codd,
254 1867 373 1919 κλείουσι
390 1866 458 1920 οο61.
471 1867 501 1919 Ο.
514 1864 660 1919 Schneider
675 1867 703 1917 iu
720 1865 932 1919 Nicandreorum
951 1865 1036 1932 preef.
1055 1882 1081 1933 p.
1097 1870 1154 1928 128,
1175 1866 1275 1934 proba·

149 1951 188 2004 vit
197 1951 269 2005 Wiel
281 1968 307 2019 p.
320 1955 362 2006 28.
375 1982 406 1990 —
419 1951 581 2018 dpae'ecdca
592 1950 625 2004 A.
643 1981 677 1990 -
695 1950 757 2002 666
770 1948 852 2002 »οὔτε
866 1952 929 2002 νέαν
946 1951 1030 2018 ὀϊζύν,
1042 1948 1125 2019 ἤγουν
1139 1952 1272 2003 ταλαιπωι

149 2035 211 2103 ριἀν
231 2036 276 2088 καὶ
293 2037 463 2106 ἀρρωστίαν,
483 2034 577 2104 ἀφίησι
594 2037 650 2094 τοῖς
665 2035 822 2102 ἀνθρώποις
838 2035 967 2087 ἐπελθεῖν
986 2035 1014 2086 ἐν
1034 2038 1092 2094 τοῖς
1109 2037 1273 2103 ὀφθαλμοῖς,

149 2122 194 2174 καὶ
204 2123 256 2192 τὴν
269 2122 383 2174 παλαιὰν
393 2120 541 2173 ἀποκωλύει
553 2121 568 2171 d
583 2123 707 2179 τοιοῦτος
718 2119 814 2178 λίθος(
833 2119 944 2174 Schol.
953 2120 1093 2174 Moschi.
1103 2151 1137 2160 -
1149 2121 1198 2189 ὅγε
1208 2127 1271 2175 ente

151 2220 218 2259 corr.
236 2204 276 2266 B;
294 2207 419 2274 θνητοῖσι
437 2205 470 2258 V.
498 2235 528 2244 -
554 2203 616 2256 667
631 2205 691 2256 ποτὶ
709 2207 743 2269 Α,
764 2204 917 2271 uperi'rell.
935 2205 1011 2258 codd.
1030 2211 1058 2258 et
1075 2204 1135 2258 edd.
1156 2206 1271 2260 ’Hiatus

148 2291 177 2344 in
197 2290 287 2344 verbis
303 2290 386 2357 προτὶ
404 2289 473 2341 ὄσσε
490 2294 565 2343 ortus
589 2295 630 2342 cst
650 2303 685 2342 ex
701 2289 852 2342 Homericis
870 2290 952 2357 προτὶ
967 2283 1063 2352 Ἴλιον,
1082 2292 1165 2357 προτὶ
1191 2288 1269 2356 ἄστυ,

148 2390 231 2443 quum
250 2375 385 2444 digamma
401 2374 524 2443 ignotum
541 2378 613 2426 esset
629 2374 846 2428 recentioribus«
870 2374 991 2440 Herm.;
1009 2374 1076 2426 ὅσσε
1094 2375 1125 2429 B.
1145 2406 1179 2416 -
1198 2376 1226 2427 δ’
1238 2377 1271 2443 Α,

148 2462 178 2514 τ’
197 2461 255 2515 rell.
268 2459 344 2514 codd.
364 2465 392 2513 et
405 2459 464 2513 edd.
482 2489 517 2500 -
535 2460 598 2512 668
614 2461 757 2522 πινόμενος
768 2461 801 2526 Α,
819 2459 984 2527 μιγνύμενος
1001 2458 1058 2511 rell.
1071 2458 1149 2512 codd.
1163 2465 1191 2513 et
1203 2459 1271 2520 edd..

148 2546 350 2616 quodpropter
368 2559 482 2612 sequens
500 2545 620 2614 κεράσας
636 2560 690 2598 uon
708 2545 765 2598 sine
783 2543 849 2597 iuris
861 2545 951 2612 specie
970 2543 1051 2597 alicui
1066 2544 1152 2611 magis
1163 2543 1272 2612 placere

147 2647 227 2701 posse
248 2631 303 2687 dixi
321 2631 350 2684 in
367 2629 455 2698 Epist.
472 2645 499 2697 p.
517 2633 561 2695 183
579 2629 687 2697 γλάγοιο
701 2630 735 2693 Α,
752 2629 865 2696 γλάκεος
882 2628 1002 2684 erati(
1019 2629 1071 2682 611
1074 2668 1081 2696 ,
1097 2630 1234 2697 γάλακτος
1249 2629 1270 2682 Β

147 2718 176 2770 16
193 2721 281 2780 textu,
299 2714 347 2769 sed
364 2714 435 2769 idern
453 2715 481 2767 in
496 2729 595 2781 marg.:
611 2732 657 2782 γρ.
668 2713 790 2782 γλάκεος.
809 2745 841 2755 -
859 2715 1000 2782 κεράσσας
1017 2716 1048 2781 Β,
1066 2716 1188 2783 κορέσας
1204 2714 1270 2782 (scil.

148 2801 185 2854 τὰ
201 2801 343 2868 βλέφαρα)
360 2815 410 2868 pro
428 2800 549 2866 κεράσας
566 2799 634 2852 coni.
652 2800 683 2852 Ο.
702 2797 847 2853 Schneider
868 2800 896 2853 in
913 2799 1040 2852 Nicandr.
1059 2798 1145 2866 praef.
1163 2816 1190 2867 p.
1211 2797 1269 2864 1283

148 2903 180 2937 τε
199 2884 277 2939 codd.
292 2890 319 2938 et
337 2884 397 2938 edd.
405 2889 472 2961 ente
484 2883 585 2950 Herm,
604 2884 649 2950 qui
662 2884 692 2935 δὲ
703 2885 817 2952 scripsit.
834 2914 869 2925 -
887 2890 950 2942 669
970 2884 1049 2954 ἰχῶρι
1068 2899 1119 2937 cm.
1133 2885 1157 2937 A
1171 2885 1200 2938 in
1213 2885 1269 2950 lac,

147 2971 233 3042 ἐχῶρι
250 2969 272 3022 Ρ
292 2969 353 3032 eii,
381 2974 409 3021 et
429 2969 527 3022 lemma
549 2968 643 3022 scholii
665 2969 693 3021 in
715 2970 744 3034 P,
768 2968 936 3023 curretiam
958 2967 1065 3035 Perde,
1089 2969 1220 3037 σφετέρα
1238 2970 1269 3022 Δ.

147 3056 271 3124 φαφαρῷ
297 3069 347 3122 pro
375 3054 504 3124 σφετέρῳ
533 3067 685 3120 »perquam
707 3053 875 3120 ineleganter
900 3052 954 3119 legi
976 3052 1062 3105 voluit
1085 3051 1158 3107 Wiel
1184 3070 1209 3122 p.
1232 3058 1270 3120 16,

149 3157 226 3196 »nam
244 3139 278 3194 de
296 3138 362 3194 flore
382 3140 460 3194 lactis
478 3140 620 3208 coagulato
639 3140 683 3207 agi
700 3139 772 3193 clare
790 3139 891 3192 indicat
904 3138 1070 3206 subsequens
1081 3136 1148 3191 illud
1168 3139 1269 3199 ὃιάνος,

148 3227 219 3297 quud
237 3225 313 3280 nihili
332 3231 410 3292 esset,
430 3225 452 3278 si
469 3225 522 3278 iem
540 3225 568 3277 in
586 3224 767 3292 superioribus
789 3223 822 3276 de
840 3238 870 3276 re
888 3238 937 3290 per
955 3237 983 3276 se
1001 3222 1061 3290 ipsa
1076 3220 1161 3275 fluida
1177 3239 1269 3291 agere·

147 3317 216 3366 tun«
252 3309 305 3364 Sed
329 3310 416 3378 ipsum
439 3309 505 3363 illud
528 3309 621 3368 διάνας
644 3316 799 3377 corruptum
824 3323 882 3362 esse
905 3308 976 3362 inira
998 3306 1107 3361 docebo.
1131 3307 1270 3378 1χῶρ1ιοο

147 3397 207 3450 loco
224 3410 312 3450 serum
337 3394 413 3448 lactis
438 3393 588 3460 significare
609 3393 752 3446 voluerunt
773 3392 905 3446 Eschenb.
924 3397 952 3445 et
971 3392 1089 3453 Gesner,
1114 3396 1269 3461 sanguinem

147 3482 293 3535 humanum
312 3494 370 3533 esse
387 3478 445 3532 vult
468 3477 627 3532 Seidenadel
650 3478 678 3530 in
695 3478 825 3531 versione.
861 3477 961 3531 Contra
978 3477 1133 3531 Demetrius
1150 3479 1269 3534 Moschiz

149 3567 246 3640 »ἰχῶρι
264 3573 302 3635 τῷ
320 3562 374 3616 οἷον
394 3566 484 3635 ἀφρῷ.
502 3563 576 3627 οἶμαι
594 3565 624 3616 δὲ
646 3564 705 3617 ἀντὶ
728 3566 777 3616 τοῦ
798 3563 912 3616 πτυέλου
931 3562 1150 3628 λαμβάνεσθαιιι
1173 3568 1270 3636 (έχῶρι

148 3653 182 3721 P;
200 3652 297 3708 lemma
315 3666 366 3704 om.
385 3649 427 3716 V).
452 3680 483 3689 -
506 3650 638 3719 γλυκερὸν
657 3649 765 3719 μελίτην
784 3651 816 3701 δε
834 3649 973 3708 ὃανάσσας
988 3649 1022 3715 Α,
1041 3648 1166 3720 γλυκερῷ
1185 3651 1270 3712 μέλιτι

149 3737 180 3788 δὲ
197 3737 239 3806 (δε
257 3734 353 3803 PatV,
372 3752 403 3786 τε
422 3735 462 3800 Μ)
481 3735 573 3794 deduce
590 3734 668 3788 codd.
688 3734 752 3788 dett.
776 3740 804 3786 et
825 3734 885 3787 edd.
907 3740 969 3787 ante
990 3734 1095 3799 Herm,
1119 3735 1166 3802 qui
1183 3736 1270 3797 μέλιτι

147 3822 273 3892 γλυκερῷ
292 3838 326 3875 ex
343 3821 485 3890 Tyrrhitti
503 3826 531 3874 et
549 3819 692 3874 Schraderi
715 3821 753 3888 (in
774 3819 887 3873 Emend.
906 3818 993 3872 Praei.
1012 3835 1038 3886 p.
1057 3819 1094 3884 X)
1117 3819 1270 3874 coniectura

148 3909 261 3977 recepit,
280 3913 307 3961 et
324 3907 382 3975 ipse
400 3926 432 3960 τε
449 3922 498 3975 pro
518 3906 548 3957 δὲ
565 3905 710 3960 substituit.
743 3904 818 3958 ldem
835 3922 866 3957 τε
884 3911 960 3957 extat
977 3905 1030 3957 iam
1047 3903 1075 3955 iu
1087 3903 1126 3970 M,
1145 3904 1191 3973 qui
1208 3904 1268 3972 γλο-

148 3995 224 4063 κερῷ
240 3993 268 4044 in
285 3996 363 4046 textu
381 3991 506 4045 omissum
523 3991 552 4044 in
568 4006 652 4058 marg.
664 3989 785 4044 additum
795 3989 890 4056 hebet3
907 3989 1014 4058 βρέξας
1033 3989 1123 4057 glossa
1141 3993 1183 4042 est
1201 3990 1229 4041 in
1240 3987 1269 4042 Μ

146 4077 184 4135 nd
203 4079 303 4140 διάνος,
322 4108 354 4120 -
373 4079 436 4131 670
451 4078 480 4128 ἐκ
490 4078 642 4147 βλεφάρων
662 4093 712 4131 om.
724 4077 750 4130 A
767 4077 794 4129 16
812 4075 875 4142 lac.;
893 4076 945 4128 ἀπὸ
958 4076 980 4128 Β
990 4075 1020 4128 Μ
1030 4075 1052 4128 Ρ
1061 4073 1118 4128 Ρ61.
1135 4074 1195 4129 edd.
1208 4078 1268 4128 ante
