2866 4620
603 278 812 342 -70—

149 465 209 536 aii,
225 467 386 535 κρατεροῖσι
408 465 445 535 [A
459 463 513 518 Pal.
521 463 544 532 λ]
570 461 662 530 Steph.
681 468 709 540 ei
726 460 783 515 rell.
802 460 876 528 edd.;
900 459 969 531 ἔλθη
986 463 1017 529 χ’
1037 461 1132 515 ὀδοῦσι
1149 463 1183 531 A,
1201 460 1269 534 λλδη

147 556 209 617 (om.
226 552 268 619 χ’)
287 551 363 606 codd.
382 549 447 603 dett.
467 557 494 603 et
511 548 585 616 edd.;
602 549 696 602 ὀδοῦσι
714 548 736 602 Β
747 549 791 616 Μ,
815 549 910 600 ὀδοῦσι
927 548 949 602 Ρ
960 547 1018 601 Pal.
1029 547 1053 600 V
1071 555 1100 601 et
1123 546 1184 602 edd.
1208 552 1271 601 ante

147 637 247 706 Herm,
266 637 311 706 qui
329 637 411 691 tacite
429 635 537 688 ὀδοῦσιν
556 633 670 702 scripsit.
684 663 718 673 -
730 632 795 701 περὶ
808 631 938 700 ὀφίτουΔ
957 632 985 686 in
997 648 1082 700 marg.
1100 663 1131 674 -
1147 633 1212 685 343
1231 633 1271 685 ἔλ-

148 727 194 774 rei·
206 722 232 774 A
250 727 277 774 et
295 721 387 777 Herm.
406 736 439 774 ex
458 719 534 787 coni,
552 719 624 770 ἕλκει
642 718 699 771 rell.
718 718 794 772 codd.
812 725 841 772 et
858 717 931 781 edd.;
951 717 1028 771 ίσετ*
1047 717 1103 772 Pal.
1122 723 1185 773 ante
1204 732 1269 771 corr.

149 836 181 848 -
199 805 264 859 Post
281 822 305 857 v.
324 808 376 859 343
400 805 493 859 titulus
515 804 580 872 περὶ
600 803 730 871 ὀστρίτου
754 803 831 855 λίδου
855 803 882 857 in
900 803 937 864 B,
961 803 1089 872 ὀστρίτης
1112 802 1141 856 in
1158 804 1181 858 P
1200 802 1272 857 etin

148 889 208 944 edd.
226 896 289 943 ante
307 890 406 956 Herm,
424 890 487 956 περὶ
505 889 635 956 ὀστρίτου
653 888 680 940 in
698 887 752 941 Pal.
772 887 810 954 νς
830 902 923 942 versos
940 889 1058 955 spatium
1078 899 1194 943 vacuum
1210 887 1271 942 reli·

150 981 221 1029 ctum
240 975 266 1027 in
280 976 311 1029 M
316 993 323 1042 ς
340 975 405 1042 περὶ
417 975 547 1041 ὀστρίτυυ
560 976 583 1026 A
596 975 622 1026 in
635 989 719 1040 marg.
730 1004 765 1013 -
777 989 817 1027 rr.
830 977 967 1029 344-345
978 980 1052 1027 reete
1065 972 1200 1041 prioribus
1212 988 1272 1027 con·

149 1059 237 1112 iunxit
253 1060 397 1113 Hermann.
426 1090 454 1098 —
484 1059 548 1110 344
572 1058 620 1110 σῦν
640 1059 671 1110 δὲ
692 1059 735 1109 καλ
757 1059 780 1110 A
799 1063 827 1110 et
844 1058 935 1113 Herm.
956 1075 991 1112 ex
1007 1058 1091 1127 coni,
1117 1063 1164 1111 νῦν
1183 1058 1273 1111 δὲκαὶ

143 1142 226 1199 codd.
244 1143 309 1199 dett.
327 1150 355 1198 et
375 1144 434 1199 edd.
451 1151 514 1198 ante
533 1143 637 1209 Herm.;
662 1141 725 1194 οἴνα
743 1145 774 1196 A.
796 1173 825 1182 -
846 1144 909 1194 345
928 1140 1047 1213 ἄκρητον
1070 1143 1147 1198 codd
1167 1150 1195 1199 et
1211 1143 1270 1199 edd

150 1235 212 1284 ante
230 1229 320 1293 Gesn,
339 1230 450 1299 ἀκρήτῳ
469 1228 537 1283 coni.
555 1227 666 1289 Gesner,
683 1227 807 1295 probavit
825 1228 916 1281 Herm.
932 1259 961 1268 -
975 1229 1089 1283 Versum
1103 1229 1177 1296 346,
1195 1244 1272 1299 quem

150 1313 276 1368 omittunt
294 1314 368 1368 codd.
388 1314 454 1368 dett.
472 1320 500 1366 et
518 1313 577 1367 edd.
590 1328 690 1375 omnes,
709 1312 800 1368 addidi
819 1329 853 1366 ex
867 1317 898 1376 A.
916 1315 944 1368 in
963 1331 1015 1383 quo
1033 1315 1103 1368 maie
1121 1314 1213 1382 ligatis
1230 1314 1273 1368 lit·

149 1400 215 1453 teris
232 1401 328 1468 πυιέρη
346 1399 437 1466 potius
455 1415 534 1467 quam
551 1399 640 1467 πέτρη
659 1399 787 1466 scriptum
806 1415 864 1453 esse
876 1400 990 1454 ridetur.
1007 1401 1072 1467 περὶ
1091 1400 1198 1471 λχίδνης
1209 1400 1272 1455 Ain

1261 1483 1273 1513 ν

150 1532 234 1585 marg.
255 1548 283 1557 -
304 1519 367 1570 347
386 1517 602 1587 αὐτοκασιγνήτη
615 1517 679 1570 AM
697 1523 725 1570 ei
737 1516 796 1571 edd.
809 1518 870 1571 inde
885 1518 1041 1587 aGesnero,
1060 1519 1272 1590 αὐτοκασιγνήτη

151 1601 238 1656 PPal.
246 1602 278 1669 V,
299 1602 529 1671 αὐτοκασιγνήτην
548 1601 580 1662 Β,
601 1602 704 1655 Dinner
722 1618 748 1670 p.
766 1606 825 1670 596,
845 1610 872 1656 et
890 1602 949 1656 edd.
968 1609 1030 1656 ante
1049 1603 1130 1657 Gesn.
1148 1604 1273 1669 ὁμώνυμε

151 1689 184 1741 A.
210 1687 268 1740 Iam
286 1687 378 1754 Steph.
392 1686 487 1739 vitium
504 1687 611 1741 subesse
628 1687 755 1755 vulgatae
774 1689 923 1755 scripturae
941 1689 1020 1742 vidit:
1042 1691 1187 1744 »Fortasse
1204 1688 1274 1743 inter

151 1773 222 1827 hune
234 1788 340 1826 versum
357 1779 385 1825 et
401 1772 522 1838 proxime
540 1772 744 1838 praecedentem
764 1771 864 1839 aliquid
884 1772 972 1834 deest;
990 1788 1051 1826 nam
1071 1789 1131 1827 cum
1148 1774 1270 1839 ὀμώνυμ’

151 1873 200 1926 pro
218 1857 345 1921 ὁμώνυμε
357 1856 464 1910 ridetur
475 1855 617 1922 legendum
636 1855 876 1927 οδτοκοσιχνήτηο.
905 1855 982 1922 Quod
995 1857 1124 1912 vertendo
1143 1859 1274 1928 expressit

152 1942 283 1997 Hschenb.
325 1942 466 1996 Caeterum
494 1945 567 1993 reete
589 1940 657 1993 haec
681 1955 697 1992 a
722 1941 855 2006 prioribus
884 1941 998 1993 seiunxit
1024 1941 1138 2011 Gesner,
1164 1957 1218 1996 non
1242 1940 1275 1996 de

152 2029 254 2090 ostrite,
278 2027 324 2081 sed
343 2028 376 2081 de
394 2027 486 2095 ophite
505 2026 594 2094 aliquo
613 2025 702 2093 lapide
721 2026 748 2077 in
766 2042 846 2079 versu
863 2029 914 2081 347
937 2033 964 2079 et
981 2027 1156 2095 sequentibus
1174 2027 1220 2096 agi
1237 2026 1274 2081 in·

152 2112 290 2180 tellegens.
324 2112 452 2166 Probavit
468 2112 519 2166 hoe
537 2112 664 2165 iudicium
684 2111 763 2164 etiam
784 2110 853 2164 Wiel
871 2127 898 2178 p.
914 2115 956 2166 23.
975 2115 1017 2173 24,
1036 2112 1086 2166 hoc
1104 2113 1190 2167 solum
1208 2112 1274 2166 vitu·

152 2211 258 2264 perans,
277 2196 347 2264 quod
362 2196 465 2268 ’θρίτης
483 2197 579 2250 lemma
597 2204 660 2250 ante
677 2214 701 2250 v.
716 2201 767 2251 346
784 2198 873 2265 posuit
886 2197 996 2265 Gesner,
1014 2212 1074 2262 cum
1092 2197 1125 2251 de
1143 2196 1275 2252 echietide

153 2281 241 2349 lapide
253 2287 360 2348 poetam
378 2281 497 2335 locutum
512 2298 570 2337 esse
588 2284 673 2338 forma
691 2282 818 2336 feminina
836 2282 1049 2354 αὐτοκασιγνήτη
1069 2290 1173 2350 arguat
1202 2281 1274 2336 Male

152 2365 289 2420 Hermann
307 2367 447 2436 sequentia
465 2384 571 2437 quoque
591 2369 623 2422 de
642 2368 736 2422 eadem
754 2368 890 2436 ophietide
909 2366 981 2420 dicta
997 2383 1055 2421 esse
1067 2368 1183 2435 putarit,
1201 2368 1276 2422 cuins

152 2451 359 2520 descriptionem
381 2468 397 2505 a
420 2469 443 2506 v.
466 2457 514 2508 341
544 2470 620 2509 orsus
644 2455 679 2508 sit
700 2464 789 2522 poeto.
836 2453 1001 2521 improbavit
1026 2454 1076 2506 hoe
1099 2452 1172 2506 Wiel
1197 2468 1225 2521 p.
1242 2456 1276 2508 23

154 2554 251 2608 »quum
274 2538 334 2606 ipsa
356 2539 439 2592 verbo
457 2581 463 2593 .
483 2581 488 2593 .
508 2555 589 2608 supra
611 2541 711 2608 scripta
735 2540 801 2593 nihii
826 2538 997 2592 dubitationis
1020 2538 1188 2606 relinquant,
1211 2538 1276 2608 quin

152 2631 234 2693 poeta
252 2622 287 2677 ad
305 2640 402 2678 novum
420 2631 606 2692 argumentum
621 2640 678 2678 sese
694 2630 839 2687 convertat,
860 2623 905 2691 qui
924 2623 990 2675 siin
1008 2639 1062 2676 una
1080 2623 1228 2692 eademqne
1246 2638 1276 2677 re

80 2747 83 2753 .
153 2709 293 2763 tractanda
315 2709 412 2777 pergit,
437 2727 572 2778 nunquam
593 2717 648 2764 tam
670 2709 811 2779 magnifica
829 2710 915 2763 utitur
932 2709 1104 2777 apostrophe,
1122 2723 1212 2778 saepe,
1231 2708 1276 2762 ubi

154 2793 189 2847 ad
206 2809 303 2847 novum
322 2800 403 2861 capnt
422 2795 605 2848 transitionem
622 2795 746 2862 instituit,
763 2795 837 2846 reiut
855 2811 877 2845 v.
896 2797 947 2848 488
967 2792 1078 2864 [vulg.]c
1090 2824 1125 2833 -
1138 2793 1276 2862 Epitoma·

154 2879 206 2933 tori
229 2879 312 2949 ἐχϊτις
333 2879 409 2932 audit
432 2879 501 2947 lapis
519 2880 569 2932 iste
588 2880 730 2944 ὁμώνυμος
752 2880 864 2950 ἐχίδνης.
899 2879 1022 2932 Eundem
1045 2885 1127 2946 atque
1151 2879 1277 2949 ὀφιήτιδο

153 2961 232 3017 modo
249 2963 387 3018 laudatam
405 2979 462 3017 esse
485 2964 622 3032 putavisse
640 2963 746 3016 videtur
764 2965 890 3030 Troicos,
914 2964 989 3017 euius
1013 2965 1081 3017 haee
1102 2970 1143 3017 est
1160 2971 1225 3018 nota
1242 2962 1277 3019 ad

154 3048 288 3116 Lycophr.
305 3051 370 3103 911:
388 3049 568 3118 μετακληθεὶς
584 3049 638 3116 γὰρ
657 3049 687 3099 ἐκ
701 3047 810 3117 Λήμνου
824 3045 982 3118 Φιλοκτήτης
995 3049 1044 3116 ὑφ’
1058 3047 1188 3119 Ἐλλήνων
1206 3048 1277 3102 κατὰ

153 3133 202 3197 μὲν
222 3133 268 3185 τὸν
285 3131 383 3200 Ὀρφέα
401 3134 452 3186 ὑπὸ
466 3130 606 3205 Μαχάονος
624 3135 722 3201 ἰατροῦ
738 3135 810 3185 ἰᾶται
823 3137 857 3205 τῇ
873 3132 999 3203 ’θφιήτιόι
1017 3134 1115 3204 πέτρη.
1142 3132 1195 3188 Sed
1206 3134 1278 3189 idem

155 3219 283 3288 ἐχιήτιδα,
302 3233 355 3271 non
373 3219 500 3287 ὀφιήτιδα
518 3219 637 3287 appellat
654 3219 789 3273 Posihom.
808 3223 935 3286 582sqq.:

664 3322 752 3381 πόδας
769 3324 800 3373 δέ
819 3322 843 3372 oi
860 3321 936 3380 ἕλκος
954 3321 1053 3390 ἔτειρε.

359 3406 449 3474 πέτρη
471 3405 497 3456 δ’
516 3406 639 3472 ἀρτεμέα
657 3407 804 3478 ἐχιήτιόι
826 3405 909 3464 τεῦξε
928 3402 1056 3478 Μαχάων.

155 3507 278 3572 ὀμώνυμ’
297 3507 411 3579 ἐχίδειης
428 3508 459 3560 Β.
479 3539 509 3548 -
529 3509 592 3561 348
610 3509 628 3578 ἥ
644 3510 684 3579 ῥά
707 3512 770 3562 ποτ’
796 3509 872 3562 codd.
892 3515 919 3562 et
943 3508 1002 3563 edd.
1022 3516 1084 3563 ante
1102 3509 1207 3578 Herm,
1233 3510 1280 3578 qui

156 3592 172 3662 ἦ
188 3592 227 3661 ῥά
245 3593 309 3645 ποτ’
327 3593 430 3660 recepit
448 3609 482 3646 ex
499 3593 640 3662 Tyrwhiiti
658 3593 820 3655 coniectura,
840 3608 894 3661 qua
911 3609 981 3646 nunc
999 3610 1052 3647 non
1070 3593 1187 3661 amplius
1203 3610 1279 3663 opus.

155 3707 189 3716 -
207 3678 317 3750 ελναετή
329 3678 366 3745 V,
387 3679 491 3729 ελναετ’
508 3679 518 3730 ἰ
536 3694 565 3744 a,
589 3677 692 3730 ettaer’
711 3678 814 3748 λλωβήν
834 3677 873 3744 if,
893 3678 996 3729 ελναέτ’
1016 3680 1032 3748 ἢ
1052 3678 1152 3731 Dinner
1169 3695 1196 3746 p.
1214 3679 1281 3742 4tt;

158 3761 292 3830 ἀμένηνον
311 3778 334 3816 a.
354 3793 386 3802 -
405 3763 469 3814 350
487 3766 547 3822 πῶς
565 3763 621 3815 Pal.
640 3761 701 3829 aif3
719 3764 808 3814 κείνυν
828 3763 893 3828 aif;
912 3763 1010 3814 ἔλπετο
1027 3761 1155 3816 MPPal.
1175 3769 1203 3816 et
1219 3762 1280 3819 edd.

85 3838 87 3843 ’
157 3851 219 3907 ante
237 3845 338 3913 Steph,
362 3846 458 3899 ἔπλετο
476 3848 513 3910 Α;
538 3848 619 3911 dona
639 3851 672 3911 A,
696 3847 785 3912 δορός
802 3847 826 3898 V
849 3853 911 3900 anto
930 3863 1006 3910 corr,
1031 3847 1103 3910 δυμό
1123 3847 1157 3913 (λ)
1176 3847 1202 3902 V
1218 3838 1304 3917 post'

157 3944 225 3983 corr.
243 3961 277 3970 -
295 3932 350 3984 351
369 3932 626 3999 ὀπεκφεύξασιλαιΒ
645 3940 673 3986 et
686 3933 788 3986 Dinner
801 3949 826 4000 p.
840 3937 891 3986 546
912 3964 945 3971 -
964 3934 1027 3986 352
1046 3935 1094 4002 dre
1113 3935 1150 3996 B;
1169 3936 1283 4002 πατρός

844 4016 855 4049 ς

157 4064 183 4103 ο,
196 4078 224 4101 -.·
246 4051 309 4102 353
327 4051 395 4120 λάην
414 4055 451 4114 A,·
469 4051 524 4111 ὅτις
539 4071 571 4104 πε
588 4053 692 4105 πίθοιτο
710 4053 789 4120 AM,
812 4052 853 4106 ὅτι
871 4071 902 4104 κε
920 4053 1033 4106 πύθοιτο
1050 4052 1086 4120 Β,
1110 4053 1167 4114 ὅτις
1185 4071 1216 4106 κε
1234 4054 1284 4107 πύ-
