2866 4620
598 359 831 424 -187-

152 565 220 623 ree,
250 548 375 610 secreta
400 543 544 627 pretiosa
573 543 726 626 diripere,
756 543 878 607 intrant
906 537 938 602 in
968 535 1102 601 alicuius
1130 533 1274 611 domum3

153 646 269 711 deiude
290 646 374 708 inter
403 649 556 728 quattuor
581 644 716 727 angulos
747 643 861 708 domus
881 639 934 705 sel
962 637 1091 702 triclinii
1120 634 1274 699 carbones

154 747 304 811 ardentes
326 752 458 828 ponunt,
481 746 531 811 vel
552 747 655 829 ignem
679 766 718 810 ex
733 744 898 822 bitumine,
921 748 954 806 et
975 743 1196 822 superponunt
1217 735 1274 800 mi-

152 851 291 915 nutatim
313 849 492 931 praecisum
513 847 655 932 lapidem
679 854 711 912 et
734 848 780 912 sic
793 845 992 911 transierunt
1007 846 1128 908 mentes
1150 845 1183 904 et
1205 859 1275 905 ocu·

151 952 201 1018 los
233 973 341 1016 eorum
372 953 426 1035 qui
450 951 584 1030 adsunt,
612 955 650 1014 ut
675 952 791 1014 timore
818 950 1015 1014 continenter
1041 942 1165 1026 bigiant
1190 941 1308 1020 indat

152 1059 303 1138 putantes
325 1076 417 1120 ruere
440 1054 582 1119 domum.

238 1154 325 1221 Nibil
347 1155 514 1239 profanum
539 1160 597 1234 est,
620 1175 678 1219 rex
701 1154 788 1218 orbis
803 1159 979 1230 terrarum,
1002 1155 1040 1214 ut
1054 1149 1115 1213 iste
1131 1145 1214 1228 lapis
1229 1145 1271 1210 ad

151 1277 185 1323 se
207 1258 359 1336 adducat,
382 1255 502 1321 animal
528 1261 561 1321 et
586 1256 714 1329 ferrum,
736 1255 933 1337 attrahitque
948 1252 1065 1316 ferrum
1088 1255 1122 1316 et
1147 1269 1274 1314 rursum

152 1365 287 1425 amovet.
327 1348 512 1442 Siquidem
535 1359 623 1441 pium
646 1364 795 1440 asterga
818 1356 912 1422 deum
934 1359 967 1419 et
980 1354 1108 1432 iustum,
1131 1350 1275 1434 perficiet

152 1466 185 1526 et
206 1461 335 1526 inutilia
355 1461 489 1545 repellit.
1294 1457 1327 1507 ¹⁰

441 1645 554 1711 XXXI.
588 1644 714 1726 Lapis
736 1643 984 1726 Lyngurium.

241 1764 433 1846 byugurium
454 1761 538 1846 lapis
561 1765 717 1845 optimum
740 1766 955 1827 tutamentum
975 1765 1024 1825 est
1039 1761 1071 1823 in
1088 1759 1194 1837 domo,
1217 1758 1273 1823 sed

155 1872 188 1931 et
210 1864 462 1948 praegnantibus
485 1870 517 1929 et
538 1863 730 1943 infantibus,
758 1884 798 1927 ne
819 1863 964 1926 timeant.
1011 1861 1142 1926 Resistit
1165 1863 1273 1923 autem

152 1972 186 2032 et
206 1966 323 2032 morbo
345 1967 432 2048 regio
456 1971 605 2048 portatus
628 1970 685 2030 aut
707 1964 862 2031 contritus
893 1984 964 2029 cum
987 1964 1060 2027 vino
1083 1968 1116 2027 et
1134 1967 1272 2044 potatus.

458 2149 589 2214 XXXII.
622 2148 743 2233 Lapis
765 2149 967 2232 Daphnea.
1293 2158 1324 2208 15

242 2279 399 2362 Daphnea
421 2277 503 2362 lapis
526 2277 603 2342 facit
624 2278 667 2342 ad
688 2277 903 2360 lymphaticos
926 2281 959 2341 et
985 2275 1027 2339 ad
1050 2275 1274 2342 daemoniacos

152 2385 184 2446 et
206 2379 248 2444 ad
271 2380 466 2446 delusionem
490 2380 652 2461 sanguinis
674 2379 722 2442 vel
748 2379 791 2443 ad
812 2378 1016 2460 hydropicos.

151 2537 231 2584 nunt:
251 2538 278 2583 et
295 2530 410 2598 lapidem
429 2531 530 2583 minute
548 2529 697 2596 praecisum
714 2530 918 2597 supermittunt:
938 2529 1029 2596 sicque
1047 2535 1150 2581 mentes
1168 2536 1195 2581 et
1213 2545 1275 2583 ocu·

151 2615 191 2668 los
208 2631 299 2668 eorum
322 2615 492 2682 quieseunt,
516 2621 656 2667 avertunt:
683 2621 712 2666 ut
735 2615 830 2668 timore
853 2615 970 2682 fugiant:
998 2619 1125 2680 putantes
1147 2629 1228 2682 super
1246 2630 1274 2668 se

151 2713 230 2751 ruere
248 2699 362 2751 domum.
392 2697 482 2751 Habet
500 2705 589 2751 autem
608 2699 679 2752 vires
695 2699 871 2767 purgatoriae.
893 2707 920 2752 et
939 2698 972 2751 ob
991 2698 1043 2752 boc
1061 2699 1195 2766 ydropicis
1213 2715 1274 2753 cum

151 2783 237 2836 mulsa
255 2783 347 2836 datus:
366 2781 569 2850 grossitudinem
589 2783 710 2837 deducit:
729 2790 758 2837 et
776 2800 867 2838 omnes
878 2787 1004 2839 humores
1022 2801 1071 2852 per
1089 2794 1207 2839 ventrem
1227 2789 1274 2839 mi·

151 2867 255 2920 nistret.
282 2868 373 2920 Tritus
386 2869 467 2920 etiam
480 2874 507 2920 et
520 2884 726 2936 superaspersus
739 2871 877 2924 combusta
889 2878 989 2924 sanat«
1007 2901 1035 2910 -
1053 2870 1136 2941 iures]
1157 2872 1274 2926 alterum

151 2952 185 3005 ad
205 2967 303 3021 graeca
320 2952 427 3005 ducitur
448 2969 481 3005 ex
498 2952 623 3007 insolenti
635 2955 798 3023 synonymia,
817 2955 904 3008 intimi
922 2956 990 3009 enim
1010 2963 1072 3009 sunt
1089 2958 1185 3018 ὶταμοί,
1204 2973 1274 3024 quae

149 3037 286 3091 Duebneri
305 3039 394 3106 opinio
409 3045 464 3092 estu
488 3039 598 3101 Pitra.
618 3040 664 3094 sed
684 3041 785 3094 »intimi
806 3040 842 3109 [id
861 3048 902 3094 est
919 3040 1041 3111 (adyti>]
1061 3042 1136 3094 fures
1153 3058 1219 3096 secr.
1233 3059 1274 3111 pr.

150 3121 281 3190 diriperet
302 3125 384 3177 coni.
397 3123 498 3191 Ring;
517 3154 552 3164 -
568 3125 679 3178 lintrat
693 3139 720 3192 03
737 3157 771 3165 -
789 3127 809 3178 2
824 3133 938 3194 quatuor
948 3146 982 3192 p3
1002 3127 1091 3179 domui
1103 3146 1124 3188 c,
1143 3128 1273 3194 probante

150 3207 261 3274 Ringio;
281 3209 327 3263 sed
345 3208 459 3262 domus
478 3210 549 3276 apud
569 3210 657 3263 Diaso.
677 3211 781 3278 legitur.
808 3241 843 3252 —
869 3213 889 3262 8
912 3217 1067 3278 supponunt
1080 3228 1109 3278 p,
1130 3211 1208 3273 male,
1226 3214 1273 3267 cfr.

150 3291 251 3345 Mara:
271 3292 324 3345 »Et
341 3299 613 3360 superaspergat
630 3296 761 3362 magnetis
778 3295 911 3362 fragmina
929 3294 1045 3361 prunis«.
1067 3324 1098 3334 -
1119 3294 1273 3350 otimorem

150 3376 316 3429 continentes
336 3394 389 3443 cp,
413 3377 507 3430 timore
526 3379 692 3431 continentes
716 3379 783 3445 (scil.
803 3383 847 3444 se)
865 3379 966 3446 Ring‚
990 3380 1085 3432 timore
1107 3380 1275 3437 continenter

150 3474 225 3527 ego,
243 3459 451 3513 timoreetiam
464 3461 589 3527 Diasc.;
602 3491 632 3502 -
651 3469 811 3529 putantes
824 3479 873 3531 ego
887 3464 1075 3527 oumDiasc.‚
1089 3471 1233 3533 putantrp
1246 3478 1274 3521 et

149 3545 235 3612 Ring;
258 3544 304 3598 cfr.
328 3545 430 3598 Marb.:
457 3545 547 3599 »velut
574 3545 734 3613 impediente
757 3549 835 3602 ruina
860 3549 1006 3616 Defugient
1030 3566 1145 3604 omnes«.
1175 3550 1274 3608 Versus

152 3631 240 3683 7-10
258 3631 403 3685 minoribus
422 3631 518 3684 litteris
536 3631 707 3686 excutiendos
726 3635 830 3686 curavit
850 3634 933 3687 Pitra.
955 3665 983 3673 —
1006 3635 1079 3703 lut]
1101 3637 1172 3703 quod
1188 3655 1221 3703 P?
1242 3667 1272 3678 —

150 3715 171 3766 8
185 3729 224 3765 an
236 3714 364 3768 adducit?
371 3736 378 3777 ;
398 3732 461 3770 non
472 3723 535 3784 post
547 3731 579 3769 se
592 3715 652 3771 add.
661 3735 696 3783 1⁹3
707 3749 740 3758 —
753 3725 781 3771 et
793 3719 866 3789 ferr]
880 3728 928 3773 aut
941 3720 1004 3774 ferr.
1012 3739 1045 3786 p;
1059 3751 1090 3760 —
1105 3721 1125 3773 9
1139 3722 1177 3775 sic
1189 3723 1272 3780 coni.

149 3797 240 3865 Bing.
259 3799 377 3867 quidem]
403 3800 466 3867 quid
487 3818 520 3866 p3
538 3799 644 3868 perficit
662 3803 746 3856 coni.
764 3803 864 3872 Βίης,
887 3804 977 3859 deleto
997 3813 1127 3859 commate
1144 3813 1207 3874 post
1222 3809 1273 3862 iu·

150 3890 244 3936 stum.
256 3914 286 3923 —
314 3886 348 3937 11.
367 3887 401 3938 12
424 3885 589 3953 Lyngurium
608 3902 622 3940 e
629 3903 668 3954 go
690 3888 748 3954 (cfr.
767 3889 920 3958 λιγγούριον
944 3898 971 3944 et
989 3891 1153 3960 λυγγοόρων
1172 3898 1201 3947 et
1216 3892 1273 3961 lyn-

149 3968 251 4022 curium
270 3984 312 4037 ap.
325 3971 422 4037 Marb.)
441 3965 569 4039 lyngurus
580 3991 608 4040 p,
626 3972 739 4041 lynguro
758 3994 783 4034 cr
807 4005 834 4014 -
854 3976 890 4026 14
908 3981 940 4029 et
958 3983 1020 4031 ante
1039 3977 1155 4032 morbo
1174 3994 1223 4031 cm.
1239 3997 1272 4045 ρς

148 4084 183 4095 -
200 4054 234 4105 16
247 4063 274 4107 et
285 4056 319 4107 16
338 4056 463 4123 daphnes
481 4071 540 4124 ego
559 4072 593 4109 ex
612 4057 697 4111 Plinio
716 4057 844 4111 XXXVII
866 4062 914 4114 157
932 4060 1064 4128 daphnius
1079 4081 1113 4130 p,
1138 4062 1272 4130 daphnieh

149 4139 186 4204 (in
205 4155 227 4191 v.
251 4143 300 4207 lo),
320 4145 353 4193 et
370 4139 467 4193 danich
485 4144 519 4206 (v.
541 4145 582 4207 16)
599 4161 625 4204 c;
644 4172 678 4181 —
695 4142 730 4194 tc
749 4142 841 4210 limpb.
860 4163 880 4196 c.
