2866 4620
598 296 811 360 „gp-

146 488 214 542 Post
230 486 302 539 bunt
317 499 424 537 versum
441 482 537 537 titulus
557 481 679 549 γαγάτης
701 479 730 532 iu
747 479 779 533 A
800 483 829 532 et
846 477 906 532 edd
923 482 988 531 tute
1004 477 1129 546 Τῐπὴ,
1152 477 1264 547 γατάτης

108 564 113 571 ’
149 572 182 638 Ρ,
198 571 264 640 erpi
279 570 403 638 γαγάτου
419 567 555 634 serta
572 583 624 622 om.
642 564 750 618 timlum
767 566 802 630 A,
818 561 926 632 'symb
943 562 1049 628 Herm3
1067 562 1134 631 περὶ
1149 563 1263 630 γαγᾰτοο

147 690 173 743 n
190 689 219 742 n
235 703 320 755 marg.
342 715 378 726 -
400 687 465 739 ιιι
482 651 645 754 epotata
668 683 728 750 (ιιι)
751 682 796 749 τι,
818 681 999 750 aptatam
1023 679 1108 733 aaa
1130 680 1221 734 nem
1237 710 1266 720 -

148 773 214 826 475
233 773 321 840 ἀϋτμή
339 772 372 826 A.
393 802 421 809 -
442 771 505 823 470
522 770 620 840 χροιὴν
637 769 672 830 A,
687 770 774 838 χροιῇ
792 765 849 819 rell.
868 764 945 819 codd
964 770 992 818 et
1008 763 1070 818 edd
1087 767 1191 834 (χφογῆ
1207 763 1267 817 Pin

148 861 252 924 textu);
270 859 300 909 δ’
319 872 370 911 om
388 856 490 908 Dinner
506 871 534 923 p.
548 857 612 916 164;
630 853 757 911 αθαλόεις
774 851 810 916 Β;
828 849 924 902 ἔπλετ’
939 849 1005 903 Ali
1022 849 1127 902 Dinner
1139 864 1167 917 p.
1180 852 1229 902 164
1244 854 1267 902 et

148 941 254 1010 Tyrrh.
272 941 363 995 Herm.
381 955 415 992 ex
433 938 562 1007 Stephani
579 939 656 1004 coni„
674 937 768 988 ἔλπετ’
785 935 843 989 reli.
862 965 894 975 -
916 934 982 987 477
1000 933 1144 1006 καρφαλέη
1160 935 1201 1001 A3
1222 931 1268 984 ἴτε·

150 1026 197 1078 λον
216 1025 292 1081 codd
315 1034 343 1078 et
360 1024 429 1093 edd,
447 1023 519 1092 quod
536 1024 620 1077 tacite
638 1023 756 1077 correxit
772 1021 845 1074 Wiel
861 1039 888 1089 p.
906 1026 954 1087 3⁰3
977 1019 1064 1080 ἴκελος
1081 1020 1151 1074 coni.
1170 1019 1268 1088 Tyrwb

149 1110 207 1162 aine
229 1123 324 1174 musa,
348 1115 425 1175 puto.
463 1107 513 1160 Cui
531 1108 701 1160 coniecturae
719 1105 851 1172 quomodo
868 1103 1063 1158 firmamentum
1085 1104 1217 1158 accedere
1240 1119 1269 1157 ex

149 1193 279 1247 Nicandri
296 1193 377 1246 Ther.
394 1208 418 1244 τ.
436 1194 469 1245 37
488 1189 584 1242 ἄλλοτε
604 1191 633 1240 δ’
651 1189 766 1256 ἀζαλέην
791 1191 872 1241 δαίων
891 1187 917 1242 Γ
912 1190 1036 1258 αηίτιδα
1056 1191 1162 1258 πέτρην
1186 1189 1270 1243 dicere

152 1279 273 1348 potuerit
288 1277 361 1330 wiel
379 1293 406 1343 p.
423 1280 466 1338 30,
485 1275 609 1342 equidem
627 1290 681 1328 non
697 1275 833 1342 intellego.
849 1305 880 1314 -
904 1275 1069 1326 testator
1087 1274 1124 1341 Β;
1142 1274 1221 1344 ῥίνας
1237 1276 1271 1338 Δ;

151 1364 217 1416 οὐδέ
235 1379 261 1414 τι
278 1365 314 1430 A,
334 1362 396 1413 οὐδ’
418 1361 465 1427 ὅγε
483 1360 506 1413 Β
523 1361 552 1412 in
568 1375 621 1412 ras.
639 1375 656 1412 u
674 1376 707 1412 m.
719 1375 775 1427 pr,
798 1359 859 1411 οὐδ’
875 1360 924 1427 ὅγε
941 1375 1034 1414 omnes
1052 1361 1126 1424 rell;
1149 1364 1238 1430 φῶτας
1253 1359 1272 1412 Ρ

151 1453 214 1501 aute
232 1462 301 1500 corr.
319 1446 379 1512 aii,
403 1449 497 1512 φῶτας
514 1459 605 1498 omnes
622 1445 679 1498 rell
705 1444 874 1512 ›plantarum
895 1445 1050 1498 memoriam
1067 1444 1169 1499 delebit
1186 1461 1204 1498 a
1220 1443 1271 1512 qui·

150 1533 201 1586 buu
223 1545 329 1584 sacrum
349 1529 471 1583 morbum
494 1531 608 1583 arcetis«
631 1531 714 1583 vertit
734 1529 827 1584 Perdr.
845 1545 872 1598 p.
891 1532 940 1583 168
963 1535 991 1583 et
1012 1529 1040 1583 in
1061 1546 1147 1598 marg.
1165 1534 1274 1584 annotat

153 1617 224 1669 »lato
241 1615 317 1668 locus
334 1614 399 1667 mihi
416 1621 557 1684 suspectus
574 1623 640 1668 est«.
661 1646 691 1654 -
710 1615 774 1666 470
791 1614 909 1684 λήσονο’
927 1611 967 1682 A,
985 1615 1057 1682 quod
1073 1615 1182 1682 recepi,
1201 1619 1229 1668 et
1244 1613 1273 1667 si-

151 1700 208 1754 mul
225 1700 253 1753 in
270 1717 294 1753 v.
313 1701 364 1755 478
381 1703 475 1766 φῶτας
491 1700 519 1752 in
536 1706 628 1765 φῶτες
643 1701 753 1754 mutavi
789 1698 907 1768 Vulgata
923 1701 1058 1768 scriptura
1074 1700 1138 1751 οὐδ’
1156 1700 1204 1768 ὅγε
1221 1701 1275 1765 φῶ-

153 1803 202 1844 τας
219 1785 330 1853 λήσεται
348 1799 428 1837 sensu
445 1791 528 1846 caret,
550 1784 616 1837 »riri
633 1800 687 1838 non
704 1784 790 1838 latent
806 1784 950 1852 lapidem«,
967 1800 1022 1838 uon
1038 1798 1102 1838 vero
1123 1784 1209 1853 »lapis
1226 1799 1276 1838 nou

153 1869 220 1923 latet
237 1870 308 1923 viros
325 1869 354 1921 in
371 1868 467 1935 quibus
485 1884 590 1922 sacrum
607 1868 729 1922 morbum
747 1867 948 1936 deprehendere
966 1868 1098 1921 volueris«
1122 1875 1224 1936 poetae
1241 1867 1276 1922 di·

153 1953 266 2008 candum
283 1959 351 2008 erat.
369 1954 499 2024 λήσαεται
515 1953 582 2018 BV,
605 1952 737 2021 ρύσσοιθ
755 1953 800 2016 Μ,
823 1954 950 2006 λίσσονθ’
968 1953 990 2008 Ρ
1008 1956 1036 2006 in
1054 1958 1147 2020 textu,
1170 1952 1219 2007 sed
1236 1952 1278 2022 λη’·

154 2057 233 2093 σεται
249 2040 279 2092 in
295 2054 395 2106 marg,
418 2038 543 2091 λίσσονθ’
566 2037 622 2092 Pal.
646 2038 673 2091 in
697 2044 789 2106 textu,
814 2044 843 2092 et
859 2038 973 2109 λήσηται
994 2039 1023 2092 in
1046 2054 1145 2105 marg,
1170 2037 1279 2106 trima

154 2122 214 2177 edd.
234 2139 333 2177 omnes.
358 2124 395 2174 ὢν
420 2138 448 2188 τις
472 2123 597 2182 καθέλοις
620 2122 738 2177 PPal.v
756 2123 816 2190 ait,
842 2126 871 2174 τ’
894 2122 1000 2182 ἐθέλεις
1022 2123 1062 2190 Α,
1086 2123 1115 2173 τ’
1134 2123 1278 2182 ἐθέλοιςΒ

155 2210 211 2278 [Μ]
231 2214 259 2261 et
276 2206 335 2262 edd.
353 2214 415 2275 post
433 2207 524 2274 Steph.
548 2209 600 2258 ἀπὸ
623 2209 715 2261 notavi
739 2223 773 2261 ex
790 2208 944 2262 ABPPal
963 2215 991 2261 et
1014 2206 1158 2261 addente
1179 2207 1280 2272 Herm,

155 2292 202 2359 qui
225 2292 308 2345 tacite
336 2288 389 2343 ἅτιο
412 2292 527 2358 scripsit.
550 2291 647 2361 ἐρύξαι
669 2291 744 2359 dett,
762 2293 869 2357 ἐλέγξαι
891 2292 917 2344 A
938 2297 967 2345 et
984 2292 1076 2346 Herm.
1099 2307 1135 2345 ex
1159 2291 1281 2346 Salmasii

155 2375 233 2438 coni,
251 2390 331 2442 quam
348 2375 520 2443 ingeniosam,
538 2376 560 2428 si
578 2391 632 2430 non
650 2391 740 2430 veram
759 2391 817 2430 esse
835 2376 941 2443 putavit
953 2376 1036 2429 etiam
1047 2375 1155 2444 Tyrwh.
1167 2381 1197 2429 et
1209 2375 1280 2430 wiol

156 2473 262 2528 quoque
280 2459 405 2528 probarit
417 2476 444 2527 p.
456 2463 497 2514 ³0.
515 2459 696 2528 (iprobare
713 2459 799 2513 velis«
817 2460 950 2515 Eschenb.
968 2460 1154 2526 inversione).
1181 2459 1282 2514 Attulit

156 2543 268 2598 Salmas.
286 2544 332 2611 (ad
344 2544 425 2598 Solin.
440 2544 551 2610 ltssbE)
568 2543 647 2598 Plinii
665 2544 752 2598 locum
765 2544 798 2597 ll.
810 2545 844 2597 il.
856 2544 972 2597 XXXVI
984 2548 1018 2599 34
1035 2545 1069 2597 de
1087 2549 1202 2612 gagate:
1222 2544 1282 2598 »de-

155 2628 299 2697 prebendit
322 2630 454 2684 sonticum
476 2629 611 2697 morbum,
637 2634 665 2682 et
687 2629 869 2696 virginitatem
891 2628 1028 2695 suffitus«,
1052 2635 1080 2681 et
1101 2627 1232 2696 Appuleii
1254 2627 1281 2680 iu

156 2713 399 2781 Apolog.p.103:
436 2714 530 2781 »Quod
552 2713 575 2767 si
596 2729 723 2781 magnum
746 2718 885 2780 putarem,
907 2711 1038 2767 caducum
1062 2711 1193 2780 delicere,
1218 2710 1282 2780 quid

158 2811 225 2864 opus
243 2797 360 2851 carmine
378 2799 447 2851 fuit?
473 2815 533 2852 cum
550 2799 675 2852 incensus
693 2803 805 2866 gagates
822 2798 905 2866 lapis,
929 2805 961 2851 ut
978 2799 1051 2867 apud
1067 2797 1195 2866 physicos
1212 2799 1281 2866 lego,

157 2879 250 2948 pulcre
269 2885 297 2934 et
314 2880 393 2934 facile
410 2881 483 2935 hunc
499 2883 620 2936 morbum
638 2883 773 2951 exploret:
798 2885 874 2937 cuius
896 2884 977 2938 odore
1003 2883 1085 2937 etiam
1102 2871 1130 2937 in
1148 2882 1282 2938 venalitiis

157 2963 238 3031 vulgo
256 2964 399 3018 sanitatem
416 2972 464 3019 out
481 2966 603 3020 morbum
620 2968 754 3021 venalium
777 2969 974 3034 experiantur«.
1010 2968 1094 3022 Addit
1112 2968 1187 3022 Wiel
1204 2986 1231 3038 p.
1249 2972 1282 3023 30

158 3047 245 3103 locum
267 3047 415 3102 Alexandri
438 3050 558 3117 Aphrod.
580 3051 713 3105 Problem.
735 3053 761 3106 S.
779 3052 807 3105 II
828 3056 874 3106 64:
902 3053 946 3105 ἐτλ
968 3055 999 3105 δὲ
1021 3057 1074 3106 τῶν
1099 3054 1280 3124 ἐπιληπτικῶν

158 3133 329 3186 κατάπτιοσιν
348 3135 424 3186 ποιεῖ
438 3133 472 3185 τὰ
491 3134 607 3206 δυσώδη,
630 3137 667 3194 ῶς
684 3136 773 3204 πτερὰ
790 3136 928 3203 καιόμενα,
946 3137 1023 3196 λίθος
1039 3139 1163 3209 γαγάτης
1182 3143 1235 3192 etc.
1248 3167 1280 3176 -

159 3219 225 3271 480
242 3219 376 3286 γνάμττει
394 3220 427 3283 A,
444 3222 564 3288 γνάμψει
582 3219 639 3273 rell.
653 3221 729 3275 codd.
748 3228 776 3274 et
794 3221 853 3275 edd.
866 3228 973 3289 praeter
984 3221 1016 3283 B,
1035 3222 1063 3274 in
1082 3238 1135 3290 quo
1155 3217 1281 3288 Ννάμφει

159 3309 212 3366 est3
229 3304 286 3372 γάρ
304 3321 388 3369 σφεας
410 3303 513 3371 scripsi,
530 3306 585 3374 reip
603 3307 689 3373 σφέας
708 3306 783 3359 codd.
802 3312 829 3358 et
847 3305 905 3359 edd.
924 3337 958 3344 -
975 3307 1032 3358 481
1050 3308 1075 3358 oi
1090 3308 1119 3358 δ’
1136 3305 1159 3359 Ρ
1177 3313 1204 3360 et
1223 3304 1282 3361 edd.

159 3390 222 3439 aute
234 3387 335 3449 Herm„
354 3388 400 3456 qui
417 3390 499 3442 tacite
518 3391 649 3456 correxit3
667 3391 720 3442 ἀπὸ
740 3390 816 3445 codd.
835 3396 862 3443 et
880 3390 948 3458 edd,
968 3392 1020 3443 ὑπὸ
1038 3397 1112 3444 recte
1130 3392 1199 3445 coni.
1211 3390 1282 3444 Wiel

158 3487 186 3539 p.
204 3473 252 3535 30,
276 3469 340 3524 licet
357 3487 383 3538 p.
406 3477 437 3525 14
459 3472 530 3526 idem
550 3475 578 3528 in
596 3475 648 3526 ἀπὸ
666 3493 711 3541 σφ.
727 3476 927 3547 πεπαλαγμένοι
949 3476 1010 3541 ἀφλ.
1036 3477 1283 3543 »praepositionum

159 3554 290 3610 laxiorem
307 3561 335 3608 et
351 3571 438 3623 paene
450 3557 631 3612 abundantem
643 3560 749 3627 qualem
764 3561 928 3614 recentiores
941 3562 991 3614 sibi
1002 3562 1171 3628 permittunt,
1189 3576 1281 3614 usum«

158 3640 306 3708 agnoverit.
327 3668 356 3678 -
375 3635 449 3708 ἄφαρ
468 3637 554 3703 οἴμοιο
566 3641 641 3696 codd.
654 3647 681 3695 ei
699 3642 758 3696 edd.
771 3649 834 3696 ante
851 3645 939 3714 (iesu,
959 3645 1004 3712 qui
1017 3645 1163 3713 ἀφρισμοίο
1177 3644 1283 3712 scripsit

81 3764 88 3775 .
158 3722 308 3794 ‘ibrwhitto
331 3738 437 3792 quoque
463 3724 614 3791 probatum.
654 3727 728 3781 Idem
751 3728 908 3780 Salmasium
932 3727 948 3779 l.
968 3727 985 3779 l.
1003 3727 1117 3781 voluisse
1142 3727 1283 3795 Tyrwhitti

158 3810 203 3863 ott
218 3807 366 3871 sententia,
390 3809 497 3876 scripsit
517 3809 586 3863 enim
604 3811 747 3865 Salmasius
769 3814 929 3881 ἀφρασμοῖο
947 3813 1106 3882 typothetae
1125 3829 1230 3877 errore,
1254 3819 1283 3866 ut

159 3894 241 3961 putet
256 3891 370 3960 Tyrum.
388 3893 548 3960 ἀφλοισμοῖο
568 3900 641 3947 recte
658 3895 749 3948 Herm.
768 3911 802 3949 ex
820 3897 851 3948 Ii.
863 3896 918 3976 ⁴XV
937 3899 987 3952 607
1006 3897 1154 3962 ἀφλοισμὸς
1172 3898 1202 3948 δὲ
1220 3896 1283 3966 περὶ

153 3982 251 4085 itm
271 4008 387 4077 γίγνετο.
418 4042 451 4050 -
481 4013 544 4065 482
572 4016 712 4080 στυφῶντ’
736 4013 771 4080 Β,
797 3986 969 4081 στριλιφῶνν
988 4014 1026 4080 V3
1051 4014 1239 4077 κυλινδόμενος
1254 4016 1283 4066 B.
