2866 4620
607 333 837 397 -167-

474 583 529 650 IV.
562 585 682 669 Lapis
703 583 960 650 Memnoniua

245 728 443 794 Memnonias
465 748 540 794 vero
562 728 646 811 lapis
665 729 838 793 maximum
855 732 964 793 actum
986 734 1018 793 et
1032 727 1283 794 valentissimum

158 830 271 906 habet;
294 850 415 896 venena
437 835 555 912 parata
578 837 611 894 et
631 829 762 896 morbos
785 835 817 896 et
838 829 1008 913 languores
1030 835 1064 895 et
1084 835 1227 895 tumores
1250 835 1284 896 et

156 933 351 1011 inimicitias,
374 931 453 996 haec
475 930 583 996 omnia
605 931 746 1014 expellit.
780 931 931 1010 Fidelem,
954 952 1075 1010 verum,
1099 938 1133 997 et
1153 931 1283 999 firmum

158 1039 190 1099 et
212 1034 412 1116 eloquentem
436 1038 469 1097 et
490 1033 672 1097 modestum
694 1040 727 1097 et
748 1040 842 1114 grata
864 1033 945 1098 facie
960 1034 1045 1099 circa
1060 1053 1169 1098 omnes
1183 1033 1283 1098 efficit

156 1141 328 1218 gerentem,
351 1135 483 1216 insuper
504 1134 657 1199 invictum
672 1134 706 1200 in
721 1135 808 1198 omni
822 1154 858 1199 re
880 1140 913 1199 et
934 1136 967 1198 in
989 1136 1075 1199 omni
1096 1136 1281 1200 certamine.

156 1237 199 1301 Et
220 1257 260 1302 ne
283 1236 417 1314 mireris,
440 1235 527 1318 quod
549 1240 658 1300 tantas
680 1256 731 1301 res
754 1256 825 1301 eum
847 1237 908 1302 tibi
928 1237 1034 1304 scribo
1056 1238 1191 1304 habere:
1214 1237 1282 1304 lau·

156 1338 237 1407 dant
259 1360 330 1405 eum
351 1338 443 1403 multi
464 1359 572 1420 reges:
601 1339 725 1421 experti
746 1346 821 1404 snut
846 1360 919 1405 eum
941 1340 1094 1405 adversus
1115 1340 1225 1406 hostes
1247 1345 1282 1404 et

156 1439 200 1505 ad
221 1439 345 1505 validas
367 1461 497 1523 pugnae.
533 1439 602 1504 Viri
624 1440 708 1504 enim
731 1440 830 1506 fortes
850 1447 883 1505 et
903 1441 1100 1522 gladiatores
1121 1443 1155 1507 in
1170 1459 1315 1517 arenas

158 1545 192 1607 et
215 1542 357 1607 athletae
379 1542 533 1608 habentes
548 1543 715 1607 victoriam
734 1547 861 1625 gratam
884 1549 959 1608 suut
979 1543 1087 1608 secuti.
1120 1543 1185 1609 Sed
1206 1560 1333 1621 vero10

156 1643 250 1708 multi
272 1643 359 1726 apud
380 1642 501 1707 iudices
523 1643 573 1706 usi
594 1648 669 1706 sunt
695 1643 850 1725 capitales
877 1663 991 1708 causas
1013 1643 1184 1710 habentes:
1210 1648 1282 1708 tan·

155 1753 222 1809 tam
246 1743 420 1810 efficaciam
442 1744 502 1808 iste
524 1743 607 1826 lapis
622 1743 722 1809 habet
735 1745 768 1807 in
791 1765 942 1826 magnum
957 1746 1118 1812 munimen
1134 1745 1281 1811 vincendi

157 1866 295 1929 semper.
338 1846 431 1910 Hunc
453 1849 560 1909 autem
587 1844 729 1927 lapidem
758 1866 833 1910 usus
861 1847 969 1910 omnia
995 1847 1176 1930 superabis,
1199 1865 1280 1930 quae

156 1946 229 2012 dico
252 1954 285 2013 et
315 1968 424 2013 omnes
452 1947 518 2011 iras
548 1945 677 2029 effugies
706 1952 739 2013 et
768 1948 933 2031 naufragio
960 1949 1046 2013 iacto
1074 1950 1220 2014 enatabis
1248 1954 1281 2015 et

154 2056 337 2115 contemnes
360 2048 544 2131 Neptunum
573 2049 681 2113 maris.
729 2048 844 2114 Verum
881 2049 976 2115 etiam
1011 2048 1103 2113 multi
1131 2049 1329 2129 homines15

153 2151 307 2217 victoriae
329 2170 426 2216 causa
441 2154 588 2232 gerentes
611 2171 693 2228 eum,
717 2149 933 2218 obtinuerunt.
972 2150 1172 2217 Valentiores
1194 2151 1278 2235 Syri.

486 2341 525 2408 V.
558 2341 680 2425 Lapis
702 2342 944 2409 Diadoohos.

244 2475 426 2541 Diadochos
449 2476 531 2559 lapis
553 2477 665 2541 similis
687 2482 735 2541 est
757 2476 891 2560 beryllo:
923 2478 1108 2542 utilissimus
1131 2484 1179 2542 est
1202 2477 1278 2542 divi·

156 2577 342 2643 nationibus
363 2599 420 2660 per
442 2599 561 2661 aquam
584 2584 617 2643 et
631 2578 877 2643 adductionibus
892 2579 1089 2657 umbrarum,
1112 2585 1277 2662 tamquam

153 2699 221 2744 non
244 2679 325 2745 alius
345 2680 440 2763 lapis.
483 2680 657 2745 Praeterea
685 2684 718 2744 et
746 2680 867 2763 effigies
897 2681 1087 2746 daemonum
1110 2680 1277 2763 diligenter
1294 2714 1330 2765 20

156 2783 312 2862 ostendit,
335 2784 378 2847 ad
400 2789 557 2849 mortuum
582 2805 620 2848 ue
643 2784 798 2849 adhibeas
813 2804 895 2863 eum,
917 2783 1038 2848 resistit
1062 2785 1146 2848 enim
1168 2783 1277 2850 defun·

157 2884 225 2948 otis.
262 2882 345 2948 Nam
369 2885 535 2950 desursum
559 2891 608 2950 est
630 2891 662 2950 et
684 2893 812 2952 sanctus
826 2887 885 2951 iste
900 2885 992 2968 lapis,
1015 2891 1048 2950 et
1062 2886 1278 2951 sanctificatus

152 2991 309 3067 perpetua
329 2987 575 3051 consecratione.

234 3155 249 3206 1
265 3155 414 3208 memnonia
434 3154 464 3215 σς
481 3186 510 3195 -
525 3157 545 3208 2
558 3157 709 3210 memnonio
729 3157 758 3210 Ο.
771 3186 803 3197 -
822 3158 842 3209 δ
856 3159 945 3225 grata]
965 3157 1086 3220 ingressa
1107 3157 1139 3224 03
1162 3189 1188 3196 -
1213 3157 1239 3209 7.
1254 3157 1276 3210 8

152 3237 304 3305 laudaus03
322 3270 356 3279 —
374 3241 393 3292 9
409 3251 514 3307 pugnas
531 3259 558 3307 ⁰3
578 3271 608 3280 -
627 3242 662 3294 10
680 3255 750 3294 eum
768 3247 831 3295 ante
849 3241 925 3294 athl.
945 3240 1003 3294 add.
1015 3260 1049 3310 μς
1068 3240 1276 3296 iudeavicto·

152 3323 237 3377 riam
255 3340 339 3394 usque
357 3325 391 3379 ad
409 3325 574 3379 habentes
592 3326 619 3379 in
632 3342 715 3394 marg.
729 3326 811 3380 habet
827 3343 852 3391 c;
871 3325 978 3394 sequuti
986 3344 1014 3392 p,
1035 3326 1152 3389 secutio,
1171 3342 1205 3380 an
1223 3341 1275 3381 as·

152 3410 261 3463 secuti
281 3410 405 3477 scripsit?
424 3441 454 3450 -
473 3411 500 3462 11
519 3425 556 3464 eo
574 3419 636 3463 ante
654 3411 788 3464 iudices
806 3410 866 3464 add.
883 3429 915 3477 p;
940 3440 973 3450 —
996 3412 1030 3463 12
1048 3411 1076 3465 in
1093 3426 1219 3479 magnum
1236 3423 1275 3466 ra·

151 3508 247 3547 munus
266 3493 325 3561 (sic)
341 3495 367 3562 C,
386 3501 416 3548 ut
434 3511 559 3563 magnum
577 3496 632 3566 [sit]
652 3497 785 3549 munimen
795 3514 828 3563 p;
847 3526 881 3537 -
898 3497 934 3548 14
951 3494 1090 3563 effugatc3
1109 3496 1275 3564 contempnis

151 3594 179 3645 ος
202 3580 271 3632 mais
291 3580 325 3645 0,
348 3579 376 3631 iu
394 3580 470 3648 aquis
485 3598 512 3645 p.
537 3610 561 3618 —
590 3581 624 3632 16
643 3580 704 3649 Syri
722 3581 860 3650 scripsi,
878 3596 953 3650 syras
966 3600 988 3648 o,
1008 3584 1081 3649 [sunt
1092 3581 1175 3649 apud]
1193 3581 1274 3650 Syros

149 3681 176 3730 p.
206 3693 235 3704 -
264 3664 299 3716 1⁷
319 3671 346 3718 et
364 3666 399 3717 18
421 3664 577 3734 dyadochcn
594 3684 621 3728 c,
646 3665 794 3720 diadochon
812 3684 845 3734 p,
869 3666 1014 3720 diadochos
1040 3682 1099 3735 ego
1127 3682 1161 3719 ex
1187 3665 1274 3719 Plinio

150 3749 457 3815 37,157etMarbodo.
486 3780 510 3788 -
540 3749 575 3800 18
593 3749 686 3803 berillo
705 3769 731 3817 03
748 3781 784 3790 -
802 3752 844 3804 20
862 3752 1021 3806 daemonum
1045 3767 1104 3819 ego
1123 3767 1157 3804 ex
1172 3750 1273 3816 Marb.=,:

152 3832 355 3888 »Daemonis
382 3833 485 3903 effigies
511 3837 599 3889 uarias
622 3835 764 3890 ostendere
792 3838 910 3902 fertura,
936 3839 1072 3892 hominum
1095 3857 1152 3906 op.
1180 3870 1210 3880 -
1240 3839 1273 3892 at

150 3917 178 3972 id
202 3919 261 3985 (sio)
285 3926 426 3974 mortuum.
450 3919 473 3973 n‘
500 3921 628 3976 adhibeas
653 3937 713 3975 eum
736 3940 757 3988 o,
781 3937 849 3977 corr.
871 3942 889 3989 p
911 3939 946 3976 ex
963 3923 1064 3978 Mart:
1093 3924 1161 3980 »Sed
1184 3925 1207 3978 si
1228 3923 1274 3978 de·

150 4001 242 4057 lunato
267 4004 326 4072 quis
348 4005 438 4058 t'orsan
462 4006 581 4073 applicet
604 4007 691 4073 illum,
722 4007 848 4061 Protinus
875 4009 1004 4062 asseritur
1032 4009 1125 4063 solitas
1149 4009 1273 4064 amittere

150 4085 246 4140 vinear
267 4117 298 4129 -
325 4089 366 4140 22
385 4088 523 4143 desursum
543 4108 577 4156 p,
600 4092 720 4145 delusum
739 4111 766 4160 o,
791 4092 862 4167 quod
885 4091 922 4146 de
945 4093 1100 4147 deorsum
1123 4094 1273 4164 significare
