2866 4620
672 310 884 372 „14-

216 497 268 550 τος
283 474 462 562 προτίθεται
478 478 664 564 ποιὴρατος·
680 476 714 539 ἐν
725 477 785 561 μὲν
801 480 848 563 τῷ
864 479 981 564 πρώτῳ
995 478 1092 568 αὐτήν
1109 502 1142 542 τε
1158 480 1212 566 τὴν
1224 480 1341 570 ἀρετὴν

213 587 262 650 καὶ
273 586 386 672 σοφίαν
401 587 525 650 ἅπασαν
539 586 695 670 ἐξομνῶν,
712 589 760 650 καὶ
773 588 844 664 τοὺς
857 587 949 652 πάλαι
962 593 1024 653 τῶν
1036 591 1153 676 ἡρώων
1164 590 1229 653 κατ’
1242 590 1340 680 αὐτὴν

213 697 399 779 γενομένους
413 696 563 773 ἐνδόξους
578 699 626 761 καὶ
641 695 788 774 ἰσοθέους
803 697 1014 783 νομισθέντας,
1039 699 1084 763 ὧν
1107 702 1155 763 καὶ
1166 699 1292 788 μητέρα
1301 703 1340 784 ¹⁰)

189 809 267 894 ’τὴν
291 806 405 894 ἀρετὴν
429 805 645 894 προσείρηκεν.
682 807 715 871 ἐν
743 806 895 894 radron)
919 809 1026 872 δὲκαὶ
1049 815 1110 873 τῶν
1133 809 1265 875 ἰδιωτῶν
1288 835 1341 874 κα-

214 915 375 997 θάπτεται,
400 912 442 990 ὡς
456 915 638 1002 ἐπιφθόνως
657 917 791 1007 ἐχόντων
814 919 894 1001 πρός
917 919 988 993 τοὺς
1011 916 1061 1007 τὴν
1083 917 1197 1007 ἀρετὴν
1214 921 1342 984 διώκον-

214 1048 284 1107 τας,
311 1029 360 1091 καὶ
384 1028 501 1103 τούτοις
524 1027 573 1092 ἀεὶ
595 1027 876 1118 φιλαπεχθημόνως
898 1029 1106 1112 ἐπικειμένων.
1152 1030 1185 1094 ἐν
1207 1030 1338 1116 θατέρῳ

213 1137 250 1200 δὲ
273 1139 290 1199 ό
313 1139 392 1223 πρὸς
414 1136 508 1203 αὐτόν
531 1141 578 1202 καὶ
604 1138 817 1221 θεωδάμαντα
840 1138 997 1222 γίνεταιθ)
1020 1140 1173 1223 διάλογος.

212 1323 298 1394 [vulg]
316 1323 351 1378 ad
369 1339 393 1376 r.
405 1327 456 1377 393
476 1323 571 1392 [vulp]
592 1329 620 1376 et
637 1323 686 1377 sub
704 1338 820 1390 persona
832 1323 928 1378 Heleni
946 1340 963 1378 a
980 1341 1004 1378 v.
1020 1328 1072 1380 394
1090 1326 1185 1395 [vulp]
1205 1325 1240 1379 ad
1252 1343 1276 1379 r.
1289 1327 1341 1399 764

218 1407 311 1478 [vulp]
327 1415 354 1462 et
371 1408 468 1461 iterum
487 1421 522 1459 ex
539 1407 650 1475 propria
666 1422 782 1474 persona
800 1408 835 1463 ad
851 1425 876 1462 v.
889 1410 940 1464 766
959 1408 1061 1481 [στήῃ.
1084 1410 1192 1478 Reliqui
1211 1410 1263 1464 dno
1282 1426 1341 1465 rer·

214 1493 290 1547 siculi
313 1499 376 1546 sunt
399 1492 484 1560 ipsius
507 1491 648 1558 Auctoris,
680 1489 723 1545 et'
736 1508 804 1560 opus
826 1493 983 1548 claudunt«
1028 1494 1155 1563 Tyrwh.
1178 1495 1293 1561 Gesner,
1325 1513 1342 1551 a

213 1577 324 1632 Moscho
343 1584 524 1631 transversum
543 1584 637 1641 actus,
660 1576 889 1632 Theodamantem
917 1579 1016 1632 Priami
1039 1578 1137 1646 lilium,
1162 1580 1295 1637 Hectoris.
1313 1587 1341 1634 et

213 1663 379 1718 Cassandrae
397 1663 518 1726 fratrem,
537 1663 688 1731 Melanippi
706 1664 818 1730 ἀνεψιόν
838 1663 920 1718 fuisse
938 1665 1054 1732 putarit,
1077 1671 1104 1718 et
1121 1665 1247 1718 carminis
1265 1679 1341 1719 oeco-

213 1750 328 1803 nomiam
347 1749 415 1802 adeo
433 1763 486 1803 non
504 1748 650 1817 intellexit,
673 1755 704 1803 nt
727 1764 743 1802 a
766 1765 790 1802 v.
815 1752 866 1803 394
888 1748 959 1818 vulg.
978 1750 1140 1804 Palameden
1163 1749 1236 1819 loqui
1259 1757 1286 1804 et
1309 1752 1339 1805 in

213 1834 334 1888 versibus
349 1837 486 1889 aee-412
503 1833 575 1902 vulg.
601 1833 735 1901 Apollinis
754 1834 902 1888 orationem
920 1834 956 1888 ab
968 1849 999 1889 eo
1011 1835 1124 1888 relatam
1138 1849 1195 1889 esse
1208 1834 1336 1890 docuerit.

214 1919 312 1974 Verum
340 1918 408 1973 vidit
428 1919 481 1972 iam
504 1924 567 1972 ante
594 1919 770 1986 Tyrwhittum
801 1918 934 1974 Schrader
959 1919 1082 1988 (Emend.
1105 1920 1194 1974 PraeI,
1220 1937 1246 1988 p.
1264 1920 1339 1986 XIV)

214 2011 242 2059 et
254 2012 317 2058 ante
328 2011 472 2072 utrumque
484 2009 594 2059 notante
604 2004 765 2058 Ruhnkenio
778 2004 816 2072 (in
825 2005 980 2059 recensione
994 2003 1119 2059 editionis
1129 2004 1339 2072 Tyrwhittianae

212 2090 281 2145 Bibl.
299 2090 362 2145 (trit.
381 2091 410 2144 P.
430 2089 516 2158 VIII).
551 2089 645 2142 Koene
669 2088 704 2142 ad
726 2089 806 2155 Greg.
831 2089 890 2142 Gor.
915 2104 942 2155 p.
963 2091 1019 2152 124,
1047 2086 1094 2154 qui
1112 2088 1140 2140 in
1157 2104 1183 2140 r.
1200 2093 1251 2142 388
1269 2088 1342 2156 vulg.

213 2172 366 2243 Πριαμίδαο
383 2190 432 2242 pro
446 2171 613 2243 Παλαμήδαο
630 2171 799 2226 scribendum
817 2187 875 2226 esse
893 2187 1003 2226 monens
1021 2171 1146 2226 carminis
1158 2173 1341 2227 oeconomiam

212 2259 382 2328 perspextsse
405 2259 556 2314 credendus
587 2264 635 2312 est.
675 2258 788 2313 Gesneri
812 2272 916 2313 errores
944 2257 1030 2312 fustus
1054 2255 1211 2310 refellerant
1234 2257 1341 2326 Tyrwh.

212 2344 312 2414 passim
330 2345 357 2398 in
374 2344 454 2412 notis,
472 2349 500 2398 et
521 2343 654 2398 Schrader
670 2343 687 2397 l.
701 2359 733 2413 c,
751 2359 864 2412 qnorum
882 2343 1075 2410 explicationes
1092 2341 1121 2394 ln
1141 2356 1171 2394 re
1193 2341 1340 2396 clarissima

213 2429 328 2499 amplius
345 2444 400 2483 non
417 2427 569 2483 recensebo.
658 2431 700 2494 10)
718 2427 844 2497 ἡμετέρα
855 2428 886 2480 Β.
975 2430 1017 2495 11)
1036 2430 1127 2497 τοοτῷ
1142 2426 1218 2481 codd.
1232 2431 1260 2480 et
1271 2424 1341 2495 edd,

212 2513 263 2568 nisi
280 2513 352 2582 quod
370 2513 445 2584 αὐτῷ
462 2511 519 2568 BV.
608 2515 650 2583 12)
667 2514 806 2582 γράφεται
823 2512 955 2567 Eschenb.
974 2511 1017 2568 ed.
