2866 4620
629 312 865 376 -182-

487 583 602 650 XXIV.
634 582 758 667 Lapis
786 586 1002 668 Optallins

271 718 432 802 Optallius
459 719 543 802 lapis
573 719 659 783 eirea
686 721 795 786 oeulos
816 721 932 786 effieax
952 729 1016 803 est3
1044 743 1120 787 nam
1148 725 1203 807 qui
1224 727 1309 808 gerit

183 842 274 901 snm
304 843 478 904 numquam
508 820 608 887 oculis
629 822 803 887 laborabit
847 826 952 906 Aptus
973 831 1024 889 est
1044 831 1153 890 autem
1175 831 1209 891 et
1228 829 1307 893 furi·

183 923 255 1002 bns,
277 931 314 988 ut
335 944 400 989 non
421 931 607 989 teneantur:
630 923 780 990 obseurat
794 926 880 989 enim
893 934 1060 1010 aspectum
1074 929 1304 1010 proximorum,

182 1031 220 1090 ut
240 1047 305 1092 non
325 1025 458 1092 rideant
478 1025 633 1092 furantes
678 1029 771 1093 Hune
792 1028 921 1093 furones
942 1031 993 1093 uai
1014 1035 1090 1094 sunt
1109 1037 1243 1113 gestare
1322 1044 1340 1094 5

490 1256 590 1322 XXV.
623 1257 746 1341 Lapis
768 1256 1001 1340 Obsyontea

268 1386 449 1478 Obsyontes
470 1417 546 1462 vero
568 1396 659 1476 lapis,
681 1397 765 1459 mont
785 1397 923 1461 maiores
944 1399 1048 1462 nostri
1068 1398 1168 1476 aiunt,
1195 1399 1305 1482 dispa·

180 1497 226 1562 ris
248 1497 377 1560 virtutis
400 1497 528 1561 videtur
548 1518 627 1561 esse.
664 1496 724 1560 Est
744 1498 828 1561 euim
851 1499 993 1579 optimus
1014 1505 1048 1563 et
1067 1520 1183 1582 magno
1204 1521 1305 1582 opere

180 1601 339 1666 adversus
360 1601 485 1665 somnia
505 1602 629 1664 ineerta
648 1601 778 1677 resistit,
801 1607 838 1663 nt
858 1599 965 1665 nullus
979 1600 1062 1664 alius
1077 1601 1168 1684 lapis
1205 1602 1304 1670 Prae-

179 1711 270 1768 terea
286 1701 465 1767 volentibus
490 1701 614 1784 aliquid
638 1701 767 1765 laedere
781 1700 936 1764 subvenit
978 1703 1012 1766 Si
1026 1704 1097 1785 quis
1110 1705 1144 1766 in
1158 1725 1197 1768 eo
1213 1708 1299 1772 seul-
1319 1719 1351 1768 10

178 1806 284 1889 puerit
298 1805 398 1870 solem
412 1812 445 1869 et
459 1804 577 1882 lunam,
600 1809 634 1867 et
654 1803 828 1885 gestaverit
849 1823 921 1866 eum
943 1811 1161 1869 consecratum
1183 1805 1302 1874 bonam

178 1910 277 1974 dmm
300 1908 409 1990 exigit.

473 2100 590 2167 XXVI.
622 2101 741 2183 Lapis
767 2100 1003 2166 Hieraoites.

281 2238 460 2304 Hieraoites
486 2238 570 2318 lapis
598 2237 766 2319 inprimis
793 2244 979 2301 numeratus
1006 2244 1040 2302 et
1067 2237 1222 2320 probatus
1250 2249 1302 2306 est

177 2363 199 2406 a
219 2342 331 2424 magis
375 2340 436 2403 Est
457 2345 564 2403 antem
587 2340 677 2422 niger
697 2340 822 2405 modioe
844 2346 877 2404 et
897 2338 1041 2404 idoneus.
1078 2341 1221 2406 Habebis
1242 2364 1300 2408 au·
1322 2347 1352 2396 15
1372 2303 1431 2387 aad

176 2450 242 2508 tem
265 2445 418 2508 siceum:
451 2442 516 2508 Ubi
537 2442 675 2507 volueris
703 2441 824 2525 aliquid
850 2444 1024 2524 praescire,
1053 2444 1125 2506 lava
1149 2463 1186 2506 os
1207 2450 1300 2510 tunm

177 2568 250 2611 oum
274 2546 369 2612 melle
391 2547 512 2629 optimo
534 2553 567 2610 et
582 2567 666 2628 poue
680 2546 740 2610 sub
758 2546 869 2627 lingua
882 2544 1034 2628 lapidem,
1057 2552 1090 2611 et
1104 2547 1206 2610 diseas
1220 2547 1299 2631 quid

176 2648 218 2713 de
240 2655 283 2728 te,
307 2656 365 2714 ant
386 2649 464 2733 quid
485 2649 591 2731 sapiat
607 2647 657 2711 vel
672 2648 790 2729 eogitet
811 2647 936 2730 aliquis,
959 2648 1068 2712 futura
1083 2650 1198 2712 omnia
1234 2649 1300 2714 Sed

175 2749 457 2833 impetrationibus
484 2752 623 2814 maxime
649 2751 811 2832 congruit3
836 2757 979 2832 gestatus
1008 2753 1091 2815 enim
1120 2772 1212 2816 nemo
1237 2753 1299 2817 tibi

176 2853 368 2918 eontradioit
394 2854 518 2935 aliquid
545 2852 733 2934 postulanti.
780 2853 896 2916 Verum
927 2855 1086 2917 amatoria
1113 2875 1240 2936 quoqne
1260 2861 1295 2919 et
1312 2862 1347 2913 20

255 3043 276 3093 1.
291 3042 312 3093 2
329 3039 464 3108 Optallius
481 3054 543 3106 ego
561 3053 597 3091 ex
608 3037 705 3103 Marb,
716 3038 855 3105 Optallion
873 3057 920 3103 ep.
944 3039 1029 3106 Quem
1044 3039 1161 3107 lapidem
1177 3045 1298 3094 veterum

174 3126 304 3178 ὀπάλλιον
322 3138 381 3178 esse
398 3124 479 3192 vulgo
497 3123 625 3188 credunt3
644 3123 700 3185 sed,
720 3123 742 3176 si
760 3139 795 3176 ex
813 3123 957 3176 virtutibus
975 3125 1000 3176 ei
1018 3124 1154 3178 attributis
1170 3126 1298 3193 angurari

172 3211 245 3276 lioet,
263 3210 344 3265 medii
362 3211 422 3264 aevi
439 3210 584 3277 scriptores
601 3210 635 3262 de
653 3209 880 3276 ophthalmio,
906 3210 1058 3276 optallio
1081 3210 1239 3277 eogitavisse
1255 3213 1297 3265 vi-

107 3330 110 3335 -
173 3296 548 3360 dentur.-81aboravitc;
568 3326 592 3334 -
616 3295 814 3354 4teneaturc;
836 3325 867 3334 -
887 3294 905 3345 ὅ
925 3302 1069 3346 suerunt
1085 3310 1134 3361 pro
1151 3296 1202 3347 nsi
1219 3305 1298 3350 sunt

173 3384 241 3438 eoni.
250 3383 335 3450 sing,
353 3398 379 3436 v.
391 3381 512 3433 furentes
523 3399 550 3441 ος
564 3411 596 3419 -
611 3381 668 3433 det
682 3380 701 3432 7
720 3379 873 3446 Obsyonten
885 3380 918 3439 G;
937 3379 1081 3432 Obsianum
1094 3380 1165 3432 huno
1180 3382 1298 3449 lapidem

173 3483 231 3522 esse
248 3475 328 3536 putat
347 3467 430 3519 Pitra.
450 3496 479 3504 -
499 3465 640 3518 8virtutis
657 3465 727 3519 add.
745 3466 849 3532 Ring,
869 3481 926 3519 orn.
947 3485 1001 3532 cp3
1022 3466 1129 3519 videtum
1144 3479 1202 3518 esse
1220 3481 1296 3538 ego,

172 3554 206 3607 ui
224 3569 282 3608 esse
299 3574 321 3621 c,
339 3561 453 3606 naturae
472 3560 513 3605 est
528 3569 560 3616 μς
583 3567 747 3619 magnopere
764 3569 795 3618 p;
819 3583 850 3592 -
871 3552 914 3604 10.
932 3554 960 3603 11
977 3552 1100 3605 soulserit
1117 3568 1144 3616 ⁰3
1163 3580 1192 3591 -
1215 3553 1250 3603 13
1268 3563 1297 3607 et

170 3642 207 3693 14
224 3640 376 3694 Hieraeites
393 3654 454 3706 ego
472 3653 507 3690 ex
519 3637 803 3691 Pseudo-Dioscoride
820 3637 903 3690 latino
915 3637 987 3704 apud
1002 3635 1148 3690 Arnoldum
1163 3637 1296 3692 Saxonem

171 3727 205 3780 de
223 3728 324 3779 virtute
342 3724 486 3779 universali
509 3737 569 3789 cap.
586 3726 603 3775 8
621 3738 647 3789 p.
665 3727 717 3775 424
739 3723 780 3776 ed.
800 3722 879 3788 Rose,
904 3722 950 3774 ubi
970 3722 1162 3775 ieraohites
1179 3722 1208 3774 in
1224 3722 1296 3777 eodi-

171 3810 246 3865 cibus
262 3812 392 3878 traditur;
411 3841 441 3850 -
461 3808 605 3863 Geraciten
619 3808 649 3874 O,
667 3808 805 3860 Geraoites
819 3827 853 3873 p;
875 3837 905 3846 -
924 3807 959 3859 1⁷
977 3808 1051 3861 dices
1068 3824 1095 3872 c;
1114 3836 1145 3846 -
1163 3806 1198 3856 18
1215 3805 1249 3860 de
1267 3816 1296 3863 te

172 3895 227 3962 [sit]
247 3902 295 3948 aut
311 3915 343 3963 μς
361 3895 427 3949 siit
444 3910 494 3962 pro
512 3900 571 3946 aut
589 3893 657 3945 ooni.
675 3893 768 3960 Riug.
785 3923 820 3932 —
836 3894 873 3944 18
892 3893 1095 3961 futuraomniaJ
1116 3890 1212 3945 »Forte
1228 3895 1294 3949 ordo

170 3982 343 4050 depravatur,
356 3988 384 4035 et
396 3981 434 4034 sio
445 3980 654 4034 restituendum:
666 3985 723 4032 aut
734 3980 748 4032 f
751 3985 853 4032 utura
865 3980 1001 4033 omnia«.
1013 3979 1099 4032 Pitra.
1111 3976 1190 4028 -10
1202 3980 1294 4050 nemo]
