2866 4620
630 333 865 397 -153-

182 520 315 607 βάκχαις
337 519 402 592 ταῖς
424 520 479 595 τὰς
502 517 653 604 νεβρίδας
674 521 850 605 φορούσαις
871 523 920 585 καὶ
942 522 1144 607 θεραπαίναις
1167 528 1215 591 καὶ
1237 526 1309 591 dao-

183 628 310 703 λοὺθοις
333 633 386 692 τοῦ
408 631 557 695 Διονύσου
580 631 753 720 ἐπιτήδειον
776 631 852 696 εἶναι
874 634 925 696 καὶ
947 635 1024 719 πρὸς
1036 638 1185 719 μαντείας
1200 637 1309 715 αὐτοῖς

183 739 430 822 συμβάλλεσθαι.
453 741 576 822 λέγουσι
599 741 635 805 δὲ
651 744 698 806 καὶ
714 741 901 807 παυσίπονον
917 743 1009 808 αὐτὸν
1030 745 1105 809 εἶναι
1124 748 1179 824 τὰς
1194 748 1309 825 ὀδύνας

184 849 336 913 παντοίων
358 849 466 935 ὄφεων
489 852 669 935 ἐξιώμενον,
687 851 803 916 τιθέναι
825 852 925 917 δὲκαὶ
948 857 985 940 τῇ
1001 857 1116 934 γυναικί
1138 862 1190 920 τὸν
1206 857 1308 943 ἄνδρα

146 973 164 1024 5
184 960 329 1045 φίλτατον
351 962 399 1023 καὶ
422 959 610 1048 ἐπιθυμητὸν
633 962 683 1025 καὶ
704 962 844 1025 ἀσπίδων
867 962 903 1025 δὲ
918 963 1141 1049 ἀποτρεπτικδν
1155 965 1306 1049 γίνεσθαι.

183 1070 292 1133 τούτου
315 1069 351 1132 δὲ
374 1072 428 1158 τὴν
444 1071 557 1160 χροιὰν
580 1071 688 1155 ὁμοίαν
711 1071 787 1136 εἶναι
809 1074 923 1157 πράσῳ
940 1075 1071 1160 χλωρῷ.
1185 1078 1197 1095 “

268 1182 292 1244 Λ
300 1179 381 1254 ι’θος
392 1183 409 1242 δ
419 1182 628 1269 χαλαζίτης.
641 1184 689 1245 καὶ
702 1183 811 1246 τούτου
823 1183 858 1245 δὲ
874 1186 928 1270 τὴν
943 1183 1070 1268 δύναμιν
1087 1184 1216 1273 ἀρίστην
1232 1185 1308 1250 εἶναι

181 1289 322 1368 λέγουσιν
344 1292 390 1366 ὡς
412 1294 459 1355 καὶ
483 1297 625 1375 πυρετῶν
648 1293 871 1380 άποτρεπτικὴν
895 1294 944 1357 καί
958 1295 1212 1383 οκορπιοδῆντοις
1237 1297 1307 1360 ἰατι-

181 1401 235 1487 ιιὴν
258 1401 307 1463 καί
325 1404 471 1488 μαντικὴν
494 1401 530 1465 δὲ
551 1406 753 1488 φανεροῢσαν
776 1404 813 1466 τὰ
831 1403 984 1487 μέλλοντα
1007 1407 1054 1491 τῷ
1077 1408 1235 1490 φοροῦντι.

266 1562 279 1612 1
292 1561 418 1629 νευρίδας
430 1561 506 1617 codd.
519 1562 581 1616 fort.
592 1570 674 1617 recte.
684 1593 716 1603 -
730 1565 744 1616 1
756 1564 830 1616 dael.
842 1582 864 1615 ιι.
877 1564 980 1632 θεραπ.
990 1565 1023 1622 A.
1035 1596 1063 1605 -
1077 1567 1096 1618 2
1111 1566 1263 1618 διανυσσίου
1275 1564 1308 1620 V.

180 1677 214 1686 —-
233 1647 253 1698 3
273 1647 468 1717 συμμάχεσθαι
485 1648 518 1710 V,
537 1647 730 1712 συμβάλεωθαι
747 1650 787 1710 A;
806 1649 899 1708 αὐτοῖς
916 1648 993 1703 codd.
1011 1681 1044 1690 -
1063 1651 1083 1702 3
1104 1651 1250 1703 πασίπονον
1272 1649 1306 1702 εῖ-

183 1749 225 1783 ναι
237 1731 321 1783 αδτάν
343 1732 375 1784 A.
395 1761 427 1771 -
439 1733 461 1783 4
475 1733 625 1796 άξιάμενον
644 1735 682 1798 V;
695 1735 807 1786 τιθέναι.
825 1737 897 1786 ποιεῖ
912 1734 942 1786 δὲ
960 1733 1004 1786 καί
1021 1737 1060 1800 Α;
1079 1731 1180 1801 ἄνδρας
1197 1735 1239 1788 vel
1260 1732 1306 1786 ἄν·

181 1818 250 1885 δραν
263 1816 294 1869 V.
312 1848 337 1856 -
357 1818 415 1870 8.c
431 1819 550 1888 ἰατρικήν
569 1822 601 1873 Δ.
620 1851 650 1858 -
669 1820 780 1883 θμαντ.
799 1819 842 1872 καὶ
861 1838 923 1886 φαν.
941 1820 975 1871 τά
992 1837 1020 1883 μ.
1033 1820 1066 1872 A.
1097 1819 1224 1886 Sequitur
1241 1820 1306 1874 inv

183 1903 340 1971 opusculum
358 1904 385 1955 in
404 1902 456 1958 fine
473 1904 604 1972 mutilum,
624 1901 786 1974 Σωκράτους
802 1904 846 1956 καί
865 1905 1006 1957 Διονυσίου
1025 1905 1090 1974 περὶ
1107 1904 1199 1971 λίθων,
1224 1904 1309 1959 inedi-

179 1995 246 2055 tum,
264 1995 294 2042 ut
311 1988 432 2052 videtur,
457 2005 507 2042 nec
528 1989 588 2043 luce
612 1988 762 2057 indignum,
787 2004 847 2042 cum
869 1989 948 2057 plura
970 2005 984 2042 e
1007 1988 1195 2056 Damigerenis
1217 1989 1307 2043 libello

181 2080 364 2141 transsumpta
382 2075 525 2129 contineat.
562 2074 703 2144 specimen
728 2089 763 2126 ex
787 2089 819 2128 eo
842 2072 903 2127 dedi
921 2075 955 2128 ad
974 2074 1046 2127 Lith.
1064 2091 1089 2128 v.
1108 2077 1166 2128 635.
1202 2073 1307 2127 Descri-

182 2158 281 2211 buntur
299 2159 326 2211 in
345 2175 391 2213 eo:
417 2159 587 2228 σμάραγδος,
607 2158 748 2226 ὑάκινθος,
772 2159 897 2226 σπάνιος,
918 2157 1109 2229 χαλκηδόνιος,
1133 2159 1309 2223 βαβυλώνιος

182 2242 261 2309 (alias
279 2243 413 2313 σάρδιος),
432 2243 587 2312 σαρδώνοξ,
607 2245 732 2314 δνοχίτης
749 2246 835 2311 (cuius
848 2244 966 2311 quinque
985 2259 1085 2311 genera
1098 2246 1307 2311 enumerantur),

177 2327 346 2400 χρυσόλιθος
363 2327 420 2395 (qui
437 2334 478 2380 est
496 2328 588 2396 ὑγρός,
610 2329 728 2396 διαυγῆς,
747 2328 869 2396 διαφαῆς,
885 2329 1033 2399 χρυσίξονν,
1051 2329 1207 2398 διαμονῆς),
1225 2328 1308 2380 άπάλ·

180 2413 249 2480 icoc,
268 2413 373 2483 ἀχάτης
390 2418 418 2465 et
437 2412 600 2482 ἀνταχάτης.
631 2412 745 2481 Reliqua
763 2414 790 2466 in
807 2413 899 2467 codice
918 2412 1011 2466 mutilo
1029 2429 1099 2468 nune
1112 2414 1306 2468 desiderantur.

182 2496 273 2550 Simile
285 2496 524 2571 0P¹¹i.ii„¹i⁴}.iii¹¹l.0
537 2504 630 2550 extare
642 2497 749 2551 videtur
760 2497 787 2550 in
801 2498 833 2563 A,
852 2498 880 2549 iu
893 2513 945 2567 quo
957 2503 1019 2563 post
1032 2499 1177 2565 epitomam
1189 2504 1308 2549 nostram

182 2562 342 2650 afflui*
354 2581 518 2636 collectanea
541 2581 574 2634 de
597 2581 718 2650 pluribus
741 2581 888 2649 lapidibus,
913 2597 1024 2649 quorum
1048 2582 1115 2636 haec
1139 2587 1243 2634 tantum
1260 2597 1307 2634 no·
1385 2620 1419 2644 „

181 2667 254 2721 mina
272 2668 415 2736 exscripsi:
435 2666 593 2736 σμάραγδος
600 2654 625 2753 J
627 2666 801 2733 βαβυλώνιος
815 2667 893 2734 (alias
910 2667 1029 2735 σάρδιος,
1050 2681 1128 2735 quem
1148 2666 1308 2734 praesertim
1343 2649 1390 2739 θ’
1430 2670 1432 2674 ”

178 2753 212 2804 ἐν
225 2755 264 2824 τῷ
281 2748 403 2825 παλατίῳ
414 2757 545 2822 gestant),
564 2754 702 2819 τοπάζιας,
721 2752 880 2823 σαρδῶνυξ,
899 2752 1034 2823 δνυχίτης,
1053 2751 1177 2821 δνυχίτης
1195 2749 1307 2818 ἔτερος,

182 2837 360 2908 περιλεύκιος.
405 2839 545 2908 smaragdi
571 2837 778 2906 descriptionem
801 2853 835 2892 ex
857 2838 909 2892 hoc
935 2836 1028 2892 codice
1059 2843 1215 2903 excerptam
1238 2836 1309 2890 inira

186 2924 256 2980 dabo
275 2925 310 2980 ad
328 2926 541 2993 Damigeronem.
