2866 4620
606 330 819 394 ..60-

150 513 266 581 capite
283 512 377 568 cerri
400 512 440 568 ad
459 512 642 568 calvariam
664 526 828 569 enascens
846 515 1079 584 conspiciuntr
1103 517 1175 573 iiam
1192 518 1278 592 κόρη

151 596 223 666 apud
241 597 408 652 recentiores
424 611 477 651 nun
495 595 574 652 modo
591 601 727 664 tempora,
752 596 799 651 sed
822 597 966 653 calvariem
988 604 1071 669 atque
1088 606 1179 657 tohrm
1195 604 1275 659 otim

150 687 232 751 capnt
255 680 397 752 significat
415 682 463 736 cir.
481 681 513 735 R.
534 679 690 735 Volkmann.
716 681 815 737 (ionum
833 682 904 751 pr.
927 700 953 753 p.
972 688 1014 739 lli.
1031 685 1112 741 Hom.
1129 686 1164 741 11.
1182 691 1208 757 8,
1228 692 1277 747 tul

150 767 201 817 τοῦ
218 765 288 833 κέρα
305 763 334 814 ἐκ
352 765 472 833 κεφαλῆς
489 765 707 836 ἑκκαιδεκάδωρα
725 767 869 835 repeisse«.
899 768 1061 825 Wieiiauum
1080 772 1214 829 veniendo
1231 788 1276 829 ux·

150 849 249 920 pressit
274 848 441 905 Heideuadel.
476 849 656 918 Scriptorum,
679 867 759 920 quam
782 867 816 907 ex
839 851 865 905 Δ
888 854 994 923 recepi,
1016 854 1058 910 sie
1079 855 1277 925 interpretetur

150 949 209 989 sum
225 933 253 988 in
272 933 349 1003 epist.
367 948 393 1001 p.
412 938 459 989 22:
479 933 557 988 r‘Est
574 933 657 1003 lapis,
679 935 713 990 de
730 951 783 1005 quo
801 936 905 1006 agitur,
922 953 1020 1004 cornu,
1043 941 1151 1009 <cornui
1168 942 1275 1011 simile),

150 1019 230 1090 quale
248 1035 283 1074 ex
300 1020 373 1074 cersi
384 1021 472 1090 capite
484 1019 558 1075 nasci
570 1021 650 1087 sclet;
669 1020 789 1090 quamvis
807 1026 898 1077 antam
910 1028 1032 1092 tempora
1049 1027 1123 1081 cerri
1136 1042 1274 1097 nunquan
1297 1088 1300 1095 ,

150 1104 266 1173 lapidem
283 1106 406 1174 gignant,
425 1112 515 1160 tamen
533 1121 615 1160 cornu
633 1106 699 1161 illud
718 1105 760 1175 (τό
776 1112 820 1174 γε)
839 1106 951 1175 plosor
967 1109 1171 1164 πολυδαιδάλου
1195 1110 1274 1181 lma

150 1190 233 1245 durus
258 1196 300 1244 est
323 1189 413 1258 lapis'.
449 1188 596 1256 Quendam
619 1190 719 1258 ingenii
742 1189 985 1260 vocabulorumque
1007 1191 1095 1247 lusum
1117 1192 1161 1249 his
1184 1194 1273 1250 rochis

149 1277 245 1338 inesse,
263 1275 350 1343 focile,
369 1274 460 1338 credo,
477 1275 594 1343 perspici
612 1281 726 1343 potest«.
741 1305 776 1316 -
793 1291 817 1328 v.
831 1275 894 1328 247
914 1276 977 1328 οὐδέ
993 1294 1039 1328 κεν
1058 1276 1189 1351 ἀηνοίης
1205 1278 1273 1335 coni.

149 1359 303 1417 Schneider.
333 1359 449 1413 »Dubito
472 1359 505 1414 de
529 1358 578 1412 tali
601 1359 755 1427 composito.
785 1358 813 1414 Si
831 1359 895 1429 quid
911 1360 1083 1429 mutandum,
1109 1363 1193 1419 scribi
1216 1370 1274 1434 pot·

150 1453 191 1501 est
208 1447 271 1498 οὐδέ
288 1448 317 1496 ι’
338 1443 488 1512 ἀνοχυοίης.
521 1443 572 1497 Sed
590 1444 680 1512 potius
698 1444 784 1499 visum
801 1452 842 1500 est
859 1445 996 1515 vulgatam
1012 1460 1149 1501 seruere«
1167 1448 1273 1505 Herm.

150 1532 196 1600 qui
215 1529 355 1584 didacticis
371 1535 399 1582 et
415 1527 609 1583 recentioribus
627 1529 710 1596 epicis
731 1527 763 1598 ἦν
782 1547 826 1598 κε,
843 1531 876 1600 ἣν
894 1527 941 1594 ἄν,
958 1529 991 1583 dv
1010 1529 1044 1583 λν
1062 1529 1162 1586 similis
1186 1532 1274 1587 dicere

149 1615 255 1670 licuisse
278 1614 400 1682 pluribus
424 1613 553 1681 exemplis
571 1613 632 1682 plus
651 1613 772 1668 minusve
797 1615 879 1670 certis
902 1616 1075 1671 demonstrat.
1109 1616 1149 1671 ne
1172 1615 1205 1670 da
1228 1635 1273 1671 κεν

150 1700 248 1767 legitur
265 1699 319 1753 iam
336 1698 409 1767 apud
427 1699 572 1752 Homerum
590 1698 620 1751 il.
636 1699 701 1752 XllI
721 1701 769 1755 127
788 1705 816 1753 et
833 1699 862 1754 in
879 1700 993 1755 formula
1011 1700 1081 1770 ὄφρ’
1098 1698 1131 1753 da
1150 1703 1203 1766 μέν
1221 1719 1272 1756 κον.

151 1813 181 1824 -
202 1785 265 1837 260
285 1784 346 1835 lori
367 1783 420 1848 (vel
443 1784 512 1849 ἐστὶ)
536 1783 613 1838 codd.
635 1785 705 1851 (ἐστι
727 1785 759 1851 Ρ)
781 1791 809 1839 et
835 1784 894 1840 edd.
919 1792 982 1841 anto
1004 1787 1095 1841 Herm.
1120 1787 1169 1855 qui
1192 1787 1274 1843 tacite

150 1869 223 1922 loro
242 1868 356 1936 scripsit.
376 1899 407 1909 -
433 1869 488 1921 251
502 1870 563 1937 πρίν
582 1887 626 1920 κεν
644 1887 689 1933 μιν
707 1870 730 1923 Β
743 1869 831 1923 PPoi.
851 1871 913 1939 πρίν
932 1870 975 1922 κέν
993 1888 1038 1933 μιν
1057 1870 1090 1924 Δ.
1113 1871 1272 1940 ἀμφαφόων

149 1987 180 2040 Β.
198 1987 326 2058 scopes,
344 1953 426 2058 εορῆἓ
443 1989 473 2050 s,
492 1987 585 2058 ιοροις
602 1986 677 2042 coos.
691 1988 747 2041 ren.
767 1994 794 2042 et
813 1988 872 2043 esu.
890 1994 953 2042 ante
967 1988 1059 2042 nem.
1077 1988 1124 2056 qur
1136 1994 1213 2043 reso
1232 1990 1274 2045 sc

149 2092 203 2146 ρῃς
222 2073 315 2128 edidit.
334 2075 452 2144 νημετέα
464 2072 519 2126 Pal.
539 2078 601 2126 ente
613 2088 681 2127 corr.
700 2072 768 2124 λάου
783 2072 815 2126 Α.
837 2104 865 2113 -
886 2073 949 2125 262
966 2072 1074 2142 κράατα
1085 2072 1112 2126 Δ
1129 2074 1204 2141 quod
1221 2090 1274 2129 nm

149 2158 245 2227 placet
279 2188 311 2199 -
340 2173 382 2211 vv.
401 2156 503 2208 263-
513 2156 584 2210 264.
604 2156 826 2226 ψευδνοκάρηνος
844 2159 874 2211 Β.
894 2157 1000 2226 τρίβειν
1019 2160 1050 2226 Δ,
1071 2157 1180 2228 τρίβους
1196 2159 1273 2215 codd.

150 2245 217 2297 dett,
230 2249 258 2297 et
276 2240 335 2296 edd.
348 2247 410 2295 ante
423 2241 514 2294 Herm.
526 2240 608 2293 ἐλαίυι
621 2244 654 2296 Δ.
665 2271 700 2281 -
711 2240 798 2294 πάνθ’
815 2241 907 2312 ἦματα
919 2243 942 2296 Β
955 2242 1012 2297 Pal.
1025 2243 1058 2310 V,
1075 2244 1161 2296 πάντ’
1180 2244 1273 2315 ἤματι

30 2350 35 2361 ·
150 2326 179 2391 P,
198 2327 245 2380 sed
257 2327 332 2394 prior
343 2345 359 2380 τ
370 2327 398 2380 iu
409 2341 461 2380 ras.
474 2329 534 2379 orio
546 2343 598 2381 om,
610 2326 665 2380 Pal.
679 2358 713 2368 -—
731 2324 834 2396 Τρίψας
851 2328 934 2382 αὐτὸν
951 2329 1032 2397 μίαχε
1050 2328 1100 2381 σὺν
1119 2327 1213 2399 ἐλαίᾳ,
1232 2330 1275 2383 nl

149 2413 239 2484 τούτῳ
256 2413 289 2466 τὸ
306 2413 419 2483 βρέγμα
437 2413 620 2481 ἀλειφόμενος,
644 2413 742 2484 τρίχας
758 2413 953 2482 &xenophonte-
970 2411 1056 2468 Schol.
1075 2411 1191 2467 Moschi.
1228 2413 1275 2469 Ex

148 2499 200 2554 hoc
218 2498 318 2553 scholio
337 2504 365 2553 el
382 2513 416 2552 ex
435 2498 552 2566 epitoma
569 2497 721 2568 (φαλακρὸν
741 2499 899 2569 ἐπιχρίσειε)
917 2498 1049 2553 Ruhnken
1070 2497 1110 2564 (in
1121 2496 1193 2552 Bibl.
1206 2498 1272 2553 crit.

148 2586 214 2641 VlIl
233 2602 259 2655 p.
272 2588 317 2652 92)
335 2585 397 2641 olim
412 2585 504 2656 χρίοις
521 2583 619 2638 lectum
640 2599 699 2638 esse
717 2584 838 2647 coniecit,
857 2598 1010 2652 perperam
1029 2597 1090 2637 nam
1107 2596 1199 2651 neque
1217 2582 1270 2638 De·

148 2672 260 2726 metrius
277 2671 383 2727 Moschi
401 2670 554 2725 melioribus
572 2669 716 2732 codicibus,
740 2684 819 2738 qnam
837 2669 921 2723 nostri
938 2672 1009 2730 sunt,
1028 2682 1092 2721 usus
1114 2671 1165 2732 cst,
1183 2681 1272 2737 neque

149 2756 333 2824 epitomatoris
359 2755 441 2810 rerba
468 2772 529 2809 cum
550 2754 660 2822 vulgata
686 2753 820 2821 scriptura
847 2753 983 2808 conciliari
1009 2758 1153 2821 nequeunt
1181 2752 1274 2824 χρίοις

148 2841 252 2909 recepit
269 2841 360 2894 Herm.
379 2845 470 2908 spreta
493 2839 547 2893 alia
564 2838 717 2894 Ruhnkenii
736 2838 919 2893 emendatione
940 2839 1096 2908 κροτάφοις
1130 2835 1186 2892 Sed
1204 2837 1273 2907 legs,

150 2940 220 2994 quae
231 2924 304 2978 Wiel
315 2941 342 2993 p.
355 2928 396 2992 39,
408 2928 443 2978 40
461 2924 494 2978 de
511 2923 658 2977 Hermcnni
675 2929 752 2976 textu
769 2922 889 2991 scripsit:
908 2923 956 2976 »In
973 2921 1015 2976 hio
1032 2937 1085 2976 non
1102 2934 1193 2989 pauca
1210 2926 1273 2975 sunl

149 3024 218 3078 quae
237 3009 402 3078 displiceant.
438 3008 556 3062 Primum
574 3008 599 3060 ri
615 3007 748 3077 particula
765 3008 793 3060 in
811 3007 906 3063 eodem
923 3022 1002 3062 versu
1019 3007 1126 3069 iterata,
1145 3004 1221 3074 quud
1237 3004 1273 3061 nh

149 3094 282 3164 elegantia
305 3093 384 3147 huius
407 3099 504 3161 poetae
527 3093 603 3147 abest
622 3093 699 3160 [??];
723 3091 818 3146 deinde
841 3091 1051 3146 additamentum
1072 3092 1097 3143 cl
1113 3090 1157 3143 sal
1176 3091 1273 3158 ψελιο-

149 3180 267 3250 κάρηνος
286 3178 342 3239 ἔοις
366 3179 404 3232 sio
428 3177 469 3232 uti
486 3191 558 3231 nunc
581 3182 622 3230 est
644 3182 832 3244 postremum
854 3175 1018 3243 superiorem
1043 3187 1152 3242 prorsus
1176 3172 1273 3229 inutile
1354 3166 1356 3173 '

149 3270 202 3332 θείς
220 3265 291 3333 [Non
310 3264 409 3332 credo]
429 3260 534 3317 accedit
557 3267 680 3330 apertum
697 3259 792 3314 vitium
811 3266 904 3315 contra
922 3259 1028 3326 linguae
1046 3273 1139 3325 usum,
1161 3273 1217 3326 quo
1234 3256 1274 3313 m
1354 3300 1356 3309 .

149 3349 262 3403 cendum
281 3355 322 3403 esi
337 3349 427 3420 χρίειν
446 3346 508 3400 τινά
525 3364 578 3399 τινι
594 3361 648 3400 non
666 3346 726 3398 τινά
744 3363 778 3407 τι,
796 3350 826 3398 ut
843 3344 888 3398 hio
901 3344 1000 3412 legitur
1012 3341 1118 3396 omnino
1131 3341 1274 3411 singulari·
1354 3358 1356 3419 5

149 3440 202 3502 ien;
227 3432 298 3501 quod
322 3432 427 3502 quidem
449 3432 542 3484 vitium
566 3430 677 3498 lenitur,
699 3446 753 3484 non
775 3436 928 3483 removetur
944 3426 1096 3483 Ruhnkenii
1115 3427 1275 3483 coniectum
1354 3428 1356 3449 '

147 3518 309 3590 κροτάφοις;
326 3533 387 3570 nam
406 3517 457 3570 hcc
475 3521 503 3568 et
519 3517 607 3583 ipsum
622 3519 663 3568 est
680 3514 803 3568 insolens.
832 3514 927 3569 Restat
945 3510 1070 3580 apodosis
1088 3509 1119 3562 dl
1137 3512 1274 3578 particula

147 3607 279 3662 instructa
298 3607 333 3674 [v.
346 3604 417 3672 2551,
435 3600 507 3670 quod
526 3608 619 3655 contra
632 3615 733 3654 morem
750 3598 830 3653 huius
841 3604 939 3667 poetae
957 3602 1011 3662 est;
1029 3594 1179 3664 Tyruhitto
1198 3595 1273 3651 doni·

148 3707 199 3761 que
216 3691 260 3745 vel
272 3689 400 3744 articulus
413 3687 533 3756 quamvis
548 3686 582 3739 ad
596 3685 766 3740 Homericum
778 3699 855 3738 usum
869 3682 999 3738 accedens
1011 3681 1196 3736 incommodus
1212 3681 1275 3737 fria

148 3774 223 3841 Quae
247 3790 329 3842 quum
354 3772 393 3825 ita
416 3771 482 3838 sint,
506 3768 629 3837 equidem
647 3785 700 3822 non
719 3767 824 3830 dubito,
846 3767 910 3835 quin
934 3766 973 3821 sic
993 3763 1164 3820 scribendum
1188 3766 1225 3820 sit
1246 3764 1275 3819 cl

148 3859 192 3912 καὶ
208 3859 412 3928 ψεδνοκάρηνος
435 3855 487 3907 ἐὼν
506 3855 585 3918 μίξας
606 3872 649 3918 μιν
672 3853 766 3923 ἐλαίῳ,
789 3867 843 3920 qua
860 3851 913 3905 leni
931 3851 1078 3905 mutatione
1094 3851 1201 3904 nunctis
1222 3850 1276 3905 illis

148 3941 320 4009 incommodis
331 3942 439 3997 remotis
452 3940 541 3995 omnia
552 3939 626 3992 vides
638 3937 719 4006 plana
734 3944 761 3990 et
773 3943 878 4005 aperta:
895 3954 940 4000 μιν
953 3935 1115 4007 τριβόμενον
1136 3936 1273 4005 coniunge

148 4042 208 4083 cum
225 4027 312 4095 μίξας,
331 4029 486 4097 κροτάφους
503 4041 562 4080 cnm
578 4024 679 4096 χρίοις;
703 4028 853 4090 postremus
871 4026 961 4074 antem
978 4035 1071 4074 versus
1089 4019 1128 4072 sic
1145 4034 1201 4073 non
1219 4036 1276 4075 am·

147 4112 218 4182 plius
236 4112 360 4181 epodosis
376 4113 435 4168 loco
454 4111 625 4179 accipiendus
643 4114 692 4176 est,
710 4107 757 4162 sed
769 4122 845 4161 suam
861 4107 943 4160 hahet
954 4104 1113 4159 sententiam
1131 4105 1272 4174 integrum
