2866 4620
574 357 787 420 -2ῖ-Ρ

321 541 404 626 τῷδε
425 541 484 624 μέν
506 540 692 628 Ἀτρείδησιν
714 542 871 627 ἁλώσιμον
895 540 1020 627 έφρασε
1043 541 1163 630 πάτρην

322 651 603 739 Λαομεδοντιάδης,
627 650 795 740 φοιβήτορι
816 653 867 716 λᾶι·
887 649 1032 740 πιδήσας.

204 821 206 825 .
238 779 291 831 300
326 762 373 824 σοί
396 760 433 825 δέ
455 785 481 824 τι
503 763 552 825 καί
574 759 687 835 σάένος
709 760 784 824 ἀλλα
806 760 966 847 σιδηρίταο
989 760 1172 847 πιφαύσκω·

150 886 222 952 (335)
302 942 304 947 ,
327 872 443 954 ἑρπετὰ
465 871 526 955 γὰρ
549 871 588 957 δή
612 864 737 954 πάμπαν
760 869 979 956 ὑποτρομέοντι
1000 869 1112 946 έοικας.

323 982 389 1043 σεῖο
412 977 442 1043 δ’
467 977 537 1068 ἔχεν
560 981 636 1044 πολὺ
657 982 765 1063 μεῖζον
787 980 952 1066 ἀκοίμητόν
976 1005 1008 1044 τε
1030 982 1113 1045 νόαιιι

327 1089 418 1172 δεῖμα
435 1088 621 1178 Φιλοκτήτης
641 1089 839 1177 μεμνημένος
861 1090 925 1154 αίὲν
947 1090 1077 1178 ἐχίδνης.

327 1196 455 1263 τούνεκα
477 1199 653 1286 Πριαμίδαο
676 1200 859 1285 σαόφρονος
879 1197 994 1264 οὔποτε
1017 1201 1127 1286 νόσφιν

238 1328 288 1380 395
323 1308 436 1398 ήδελεν
459 1308 617 1399 ἔργεσδαι,
640 1311 859 1395 γουνούμενος,
883 1307 971 1395 ὄφρα
995 1310 1047 1374 τιν’
1072 1309 1141 1398 είπη

149 1438 221 1501 (300)
254 1402 259 1411 ’
328 1416 508 1508 ἀαλπωρήν,
532 1419 565 1484 εί
582 1420 641 1505 πέμ
664 1420 735 1484 ποτ’
758 1420 807 1484 ἐπὶ
822 1419 926 1509 γάόνα
946 1419 1069 1505 μητέρα
1093 1419 1204 1506 δηρῶν

327 1526 465 1616 ἔρχηται,
488 1534 556 1602 πῶς
578 1553 628 1593 κεν
652 1532 756 1594 πολιόν
778 1530 867 1613 γένος
889 1529 1114 1616 ἐκπροφύγησι.

328 1646 374 1723 τῷ
394 1639 425 1701 δ’
449 1639 504 1720 όγε
526 1638 678 1726 Δητοίδην
701 1639 801 1702 ἐπέων
825 1637 1020 1724 έπιμάρτυρα
1043 1637 1159 1721 Φοῖβον

326 1747 495 1832 κικλήσκων
518 1747 664 1831 ἀγόρευε,
689 1750 725 1811 τὰ
747 1749 786 1834 δή
811 1751 863 1810 νῦν
886 1772 935 1812 σοι
958 1749 1128 1820 καταλέξω.

241 1875 293 1924 400
372 1853 451 1919 Εύτέ
468 1879 510 1939 με
533 1856 620 1920 παῖδ’
643 1856 805 1919 ἐδίδασκεν
827 1855 1038 1945 ’ἀκειρεκόμης
1060 1857 1224 1942 ἀγορεύειν

152 1982 225 2048 (395)
326 1965 531 2048 μαντοσύνας,
552 1965 652 2047 μέγαν
674 1967 767 2050 ὅρκον
791 1966 931 2029 ἐκέκλετο
955 1971 1080 2049 πρῶτον
1102 1967 1245 2050 ὀμόσσαι,

327 2074 447 2160 (ίευδέα
467 2076 589 2161 μήποτε
609 2073 711 2158 μῦδον
734 2075 866 2141 ἐνισπεῖν
888 2076 1093 2162 ἀνάρώποισι.

328 2184 468 2249 τούνεκεν
492 2185 650 2269 ἀτρεκέως
669 2185 756 2270 μα’λα
779 2210 824 2250 τοι
846 2187 929 2271 ἐρέω
953 2188 989 2251 τὰ
1013 2186 1136 2251 ἕκαστα.

326 2294 449 2381 φράζεο
473 2272 534 2374 νῦν,
557 2297 645 2382 ήρως
667 2296 848 2383 ἑκατηβόλε,
869 2296 972 2378 μῢόον
995 2297 1090 2381 ἐμεῖο.

241 2427 291 2476 405
371 2407 451 2494 Αύτή
473 2409 545 2488 γαῖα
565 2406 695 2486 μέλαινα
718 2407 953 2471 πολυκλαύτυισι
974 2407 1118 2491 βροτοῖσι
1172 2394 1179 2407 ⁸

327 2516 416 2580 τίκτει
439 2517 488 2578 καί
510 2515 661 2599 κακότητα
684 2517 733 2578 καί
753 2515 865 2596 ἄλγεος
887 2516 985 2599 ἄλκαρ
1009 2516 1156 2581 ἑκάστου·

328 2629 401 2709 γαῖα
420 2610 479 2707 μὲν
501 2626 618 2708 ἑρπετὰ
640 2624 727 2704 τίκτε,
752 2625 837 2689 τέκεν
859 2624 892 2688 δ’
918 2626 965 2688 ἐπὶ
989 2631 1081 2689 τοῖσιν
1104 2627 1246 2714 ἀρωγήν·

328 2733 362 2797 ἐκ
383 2732 471 2822 γαίης
493 2734 529 2797 δὲ
550 2733 647 2798 λίάων
670 2737 794 2799 πάντων
817 2735 916 2818 γένος,
940 2735 973 2798 έν
994 2734 1029 2798 δ’
1051 2737 1116 2821 ἅμα
1138 2742 1215 2800 τοῖσι

329 2842 442 2928 κάρτος
464 2844 642 2928 ἀπειρέσιον
665 2848 713 2909 καί
737 2846 886 2910 ποικίλον·
924 2848 1006 2910 όσσα
1030 2846 1174 2910 δύνανται

243 2971 295 3022 410
326 2951 420 3040 ῥίζαι,
445 2954 543 3019 τόσσα
564 2954 652 3022 λίδοι.
674 2955 757 3040 μέγα
777 2957 835 3039 μὲν
859 2955 973 3032 σδένυς
996 2955 1105 3021 ἔπλετο
1125 2956 1225 3044 ῥίζης,

154 3080 227 3148 (403)
332 3064 409 3127 ἀλλὰ
432 3063 520 3128 λίδου
544 3067 619 3129 πολὺ
639 3067 761 3150 μεῖζον,
786 3067 851 3131 ἐπεὶ
870 3066 966 3145 μένος
988 3066 1121 3151 ἄφάιτον
1144 3068 1201 3130 αίελ

328 3175 498 3261 γεινομένῳ
519 3179 625 3263 μήτηρ
649 3180 696 3241 καί
719 3179 861 3265 ἀγήραον
884 3177 1073 3260 ἐγγυάλιξεν.

328 3287 347 3373 ή
371 3286 407 3350 δέ
431 3287 638 3374 καταάνήσκει
661 3312 694 3353 τε
713 3288 916 3372 μινυνάάδιον
939 3285 1133 3363 δαλέδουσα,

330 3397 378 3458 καί
400 3397 493 3460 τόσον
516 3398 612 3484 αὐτῆς
628 3397 751 3482 κάρτιις,
773 3398 829 3484 ἐφ’
845 3399 985 3462 δππόσον
1002 3395 1136 3482 έμπνοός
1150 3395 1246 3461 ἐστιν·

244 3523 295 3573 415
331 3505 358 3566 εί
380 3504 416 3566 δέ
439 3504 468 3567 κ’
491 3506 681 3593 ἀπυπνεύση,
705 3508 748 3581 τίς
770 3507 818 3572 ἔτ’
842 3508 968 3596 ἐλπωρή
993 3508 1078 3592 παρὰ
1100 3509 1229 3592 νεκρής;

155 3630 225 3695 (410)
331 3613 364 3677 ἐν
385 3614 443 3697 μὲν
466 3616 505 3704 δή
526 3615 677 3698 βοτάναις
698 3616 806 3702 ἄγυριν
827 3619 953 3701 λυγρῶν
982 3639 1017 3681 τε
1044 3619 1092 3681 καὶ
1114 3614 1237 3682 ἐσθλῶν

328 3724 425 3811 δήεις,
449 3724 491 3789 ἐν·
505 3726 542 3788 δὲ
563 3725 662 3802 λίδυις
683 3726 759 3813 ἄτην
781 3728 817 3790 ού
838 3727 914 3812 ῥεῖά
934 3750 986 3791 κεν
1010 3726 1124 3812 εὕροις.

329 3832 396 3922 ήτοι
418 3836 490 3898 όσαι
510 3834 653 3918 βοτάναι,
677 3836 783 3899 τόσσοι
803 3835 893 3902 λίδοι.
925 3834 1010 3900 Ἀλλὰ
1034 3840 1071 3900 σύ
1095 3837 1129 3919 γ’
1150 3838 1247 3924 ήρως,

329 3943 381 4006 λᾶϊ
400 3945 544 4033 σιδηρίτη
568 3946 807 4032 πεφυλαγμένος
828 3947 946 4030 ἑρπετὰ
968 3945 1067 4011 πάντα

242 4069 294 4120 420
331 4051 528 4136 δαρσαλέως,
552 4055 579 4118 εί
599 4055 652 4119 καί
671 4079 717 4120 τοι
739 4055 886 4139 όμιλαδδν
908 4056 1079 4137 ἀντιόωσιν,
