2866 4620
564 336 799 401 -139-

118 521 349 610 πιςοακειμένην
377 520 452 610 ὕλην
474 520 638 604 έκπέμπει·
661 520 764 586 ἔπειτα
795 523 843 586 καὶ
869 525 982 586 καπνῶν
1009 519 1138 606 ἐγείρει·
1164 523 1245 605 μετὰ

118 632 156 699 δέ
178 636 269 697 τοῦτο
292 634 342 698 καλ
363 632 466 718 φλόγα
489 634 617 720 πολλήν·
641 634 802 697 καὶτοῦτο
827 635 860 695 τὸ
884 634 968 717 ἱερὸν
996 635 1057 718 πῦρ
1079 629 1244 715 ὠνόμαζον

118 747 169 809 εαλ
188 746 219 809 οῖ
234 744 356 808 παλαιοὶ
372 748 432 807 τῶν
449 739 610 829 Ἕλληνιυν.
634 745 668 806 τό
684 743 720 805 δὲ
735 741 1005 828 θαυμαστότερον,
1026 743 1073 805 ότι
1088 743 1137 804 καὶ
1152 742 1244 803 αὐτόν

120 856 173 921 τόν
196 860 250 943 τῆς
273 854 391 940 φλογός
413 852 512 918 αἴτιον
534 852 620 916 λίθον
645 853 797 938 ἁρπάζων
826 874 870 927 τις
897 851 935 916 έκ
962 858 1016 940 της
1045 851 1244 938 ἀναφθείσης

80 972 100 1025 5
117 956 193 1054 ὐλης
214 966 262 1028 καί
285 967 351 1041 ταῖς
368 965 463 1053 χερσί
478 969 603 1049 κρατῶν
619 967 739 1051 ψυχρὸν
756 962 889 1049 εὑρίσκει
904 962 1012 1037 καθὼς
1028 965 1060 1025 τὸ
1077 963 1240 1048 πρότερον.

117 1078 197 1161 φασί
218 1076 269 1154 δέ,
292 1078 338 1140 ότι
360 1078 409 1139 καί
431 1078 494 1149 τοῖς
516 1078 644 1160 νεφροῖς
667 1073 843 1158 περιόεθείς
867 1076 918 1137 τὸν
943 1076 1094 1137 νοσοῦντα
1117 1074 1244 1148 τούτους

117 1186 212 1252 ἔσται.

202 1294 323 1371 Αίθος
350 1297 594 1385 γαλακτίτης,
625 1298 660 1361 όν
688 1297 739 1361 καί
767 1320 846 1374 τινες
873 1302 935 1362 τῶν
964 1296 1102 1360 παλαιῶν
1131 1295 1159 1357 οῖ
1185 1293 1242 1376 μὲν

117 1406 289 1494 ἀνακτίιην,
311 1409 340 1471 οί
362 1407 398 1471 δὲ
420 1406 551 1496 ληθαιον
571 1408 852 1496 προσηγόρευσαν·
874 1403 954 1472 ἀλλὰ
974 1405 1154 1492 γαλακτίτην
1174 1404 1241 1489 μέν,

67 1518 101 1574 10
116 1518 164 1582 ότι
185 1516 373 1603 τριβομένου
396 1517 474 1605 λγιύρ
501 1517 654 1605 ἀπορρέει
670 1518 815 1605 καθάπερ
831 1515 998 1600 γάλακτος·
1022 1514 1185 1602 ὐνακτίτην
1207 1514 1242 1577 όὲ

117 1628 166 1693 καί
187 1628 328 1715 ληθαιον,
352 1629 398 1690 ότι
420 1634 532 1711 φορῶν
556 1650 599 1703 τις
621 1629 713 1692 αὐτὸν
736 1631 785 1692 καὶ
808 1629 947 1713 πρασιῶν
974 1634 1036 1704 τοῖς
1058 1627 1179 1700 οίκείοις
1194 1627 1244 1689 ὐε-

117 1736 248 1814 σπόταις
269 1740 317 1801 καί
339 1739 453 1823 ὁμιλῶν
470 1740 610 1824 εὐμενεῖς
631 1739 747 1813 αὐτούς
770 1739 905 1824 εὑρίσκει
928 1739 977 1802 καί
998 1736 1099 1824 λήθην
1121 1734 1241 1821 λαμβά·

117 1870 228 1924 νοντας
250 1853 312 1911 τῶν
335 1849 430 1912 αὐτοῦ
456 1848 599 1924 πολλάκις
621 1854 733 1913 κακῶν.
757 1850 793 1912 ὃν
817 1853 865 1913 καί
888 1852 916 1913 οῖ
930 1841 1076 1935 Ἕλληνες
1099 1842 1243 1933 προσιόν-

116 1980 169 2035 τες
191 1962 254 2033 τοῖς
277 1960 374 2043 ἱεροῖς
397 1965 458 2022 τῶν
481 1959 568 2024 θεῶν
590 1959 693 2022 αὐτῶν
709 1957 851 2045 ἐφόρουν
866 1961 910 2034 ὡς
926 1958 969 2023 δι’
986 1958 1081 2022 αὐτοῦ
1106 1960 1139 2018 τὸ
1155 1956 1242 2020 θεῖον

67 2066 334 2155 1θέξιλεούμενοι.
358 2066 420 2156 ἔχει
449 2069 485 2131 δὲ
512 2071 561 2132 καὶ
583 2068 696 2155 ἑτέραν
719 2071 784 2134 τινά
805 2068 979 2156 ἐνέργειαν·
1012 2069 1108 2151 αὐγῶν
1136 2063 1199 2152 γάρ
1222 2066 1240 2153 η

115 2178 289 2267 προβάτων
313 2179 457 2257 πολλάκις
478 2178 766 2265 άποσβεννυμένιυν
789 2183 837 2245 καὶ
853 2179 1043 2263 λειπομένων
1067 2180 1120 2242 τοῦ
1147 2176 1242 2261 γάλα·

115 2312 189 2367 κεος
208 2288 303 2365 εἴτις
325 2291 419 2353 αὐτὸν
442 2289 555 2375 τρίψας
578 2312 611 2353 τε
634 2292 682 2354 καί
704 2291 830 2368 λειάνας
858 2293 907 2356 καὶ
926 2288 1008 2377 μετά
1032 2290 1131 2376 ἅλμης
1150 2287 1242 2373 μίξας

115 2396 272 2489 έπιρράνη
296 2403 330 2465 τύ
353 2400 490 2487 ποίμνιον
512 2398 677 2483 ἐπιμελῶς,
700 2398 827 2488 εὔροιαν
850 2403 955 2475 αὐτοῖς
977 2401 1165 2487 πραξενίγσει
1188 2402 1241 2461 τοῦ

114 2510 277 2595 γάλακτος,
300 2512 385 2575 ῶστε
409 2510 467 2588 τὰς
486 2512 629 2600 μητέρας
652 2514 828 2600 σκιρτῶσας
848 2509 928 2596 μεθ’
957 2510 1073 2598 ηόονῆς
1095 2508 1241 2595 παρέχειν

183 2680 197 2732 1
218 2694 282 2733 num
301 2681 510 2751 περικειμένηνί
531 2713 557 2721 -
579 2684 600 2734 2
619 2681 650 2735 τὸ
663 2697 715 2736 om·
727 2681 757 2734 Β.
778 2711 805 2720 -
828 2679 906 2731 3καλ
924 2684 987 2733 ante
1006 2679 1032 2730 οῖ
1050 2676 1192 2731 delendum
1205 2677 1241 2730 vi·

114 2764 203 2821 θείατ’.
218 2795 248 2805 -
269 2765 297 2819 8.
310 2765 332 2817 4
346 2765 458 2818 αὐτονεί
475 2768 522 2819 τόν
537 2767 567 2820 V.
583 2798 612 2807 -
632 2767 654 2819 4
669 2766 840 2836 ἁρπάζοντες
861 2765 890 2816 ἐκ
908 2764 944 2831 Β;
962 2764 1151 2832 ἀνσμφθείοης
1165 2761 1195 2815 V.
1211 2794 1236 2802 -

115 2848 309 2919 ὔεθρίσκετσι
326 2851 357 2904 Β.
373 2882 406 2893 -
427 2852 560 2904 θεοῦτον
579 2853 611 2908 Β.
629 2883 664 2894 -
683 2854 704 2905 8
723 2853 762 2906 De
783 2851 911 2920 galactite
928 2850 996 2905 haec
1013 2850 1096 2903 habet
1114 2849 1148 2904 C:
1168 2849 1243 2909 λίθος

114 2936 131 2989 ό
146 2934 310 3007 γαλακτίτης
327 2936 397 2989 όκαί
408 2936 525 3007 ἀκιτίτης
536 2937 610 3006 (sici)
628 2938 775 3006 λεγόμενος
789 2939 858 3004 πρὸς
871 2936 1100 3005 γαλακτοτρσφίαν
1120 2938 1179 2995 ταῖς
1195 2952 1240 3003 γυ-

115 3020 186 3082 ναιξί
201 3021 336 3091 χρήσιμος
354 3021 519 3090 τριβόμενος
536 3022 580 3074 καί
598 3023 743 3086 πινόμενος
760 3021 802 3073 καί
821 3021 944 3073 εὐτόκιον
963 3021 993 3071 ὃν
1007 3017 1129 3091 ἄριστον.
1150 3052 1181 3061 -
1201 3021 1241 3075 De

65 3118 69 3127 '
114 3102 209 3161 εούευκ
233 3104 323 3173 lapide
345 3106 414 3160 haec
435 3108 506 3161 inter
528 3106 619 3163 Nutha
642 3108 805 3162 Dioscoridis
829 3108 900 3175 apud
919 3107 1080 3161 Saracenum
1102 3107 1241 3176 leguntur:

109 3187 137 3243 Ὀ
152 3188 184 3243 ae
199 3190 339 3262 μελιτίτης
355 3191 513 3255 ὠνόμασται
531 3191 575 3243 καί
592 3192 754 3260 γαλακτίτης
771 3191 815 3243 καλ
833 3193 954 3262 ληθαῖσς,
977 3192 1021 3244 ότι
1044 3193 1179 3259 φέροντες
1196 3192 1243 3242 αὐ-

114 3274 164 3328 τόν
181 3276 226 3328 καί
243 3275 408 3343 προσιόντες
430 3276 494 3335 τούς
516 3276 631 3335 οἰκείους
653 3276 791 3336 δεσπότας
813 3278 939 3339 εὐμενεῖς
962 3275 1062 3336 αὐτοὺς
1083 3277 1242 3346 εὑρίσκουσι
1280 3296 1283 3302 ·

114 3360 158 3413 ul
169 3359 256 3431 λήθην
269 3359 462 3426 λαμβάνοντας
479 3363 537 3412 τῶν
556 3360 649 3412 αὐτῶν
668 3360 795 3421 πολλάκις
809 3365 905 3413 κακῶν.
924 3361 1008 3429 αἰγῶν
1026 3380 1058 3414 τε
1077 3362 1119 3414 καλ
1136 3363 1242 3432 προβά·

113 3460 169 3497 m
188 3444 431 3509 ἂποσβεννυμένου
444 3448 493 3497 τοῦ
505 3445 639 3513 γάλακτος
657 3444 688 3498 εί
699 3464 739 3507 τις
757 3445 841 3498 αὐτόν
862 3446 954 3516 λεσίνη
973 3448 1041 3510 μεθ’
1060 3445 1144 3518 ἅλμης
1159 3449 1240 3512 μίξας

112 3528 219 3600 βοηθεῖ
236 3529 270 3582 τι)
293 3530 422 3594 ποιμνῶν.
445 3530 556 3599 λέγουσι
579 3531 610 3583 δὲ
632 3531 685 3598 καί,
708 3531 749 3583 ὅτι
770 3530 878 3599 γυναιξί
894 3531 927 3584 τό
946 3531 1015 3584 αὐτό
1039 3533 1151 3585 δύναται
1169 3534 1240 3600 πρὸς

111 3614 346 3683 γελακτοτμοφέαν
365 3616 532 3684 τριβόμενος
550 3618 593 3669 καί
612 3616 761 3679 πινόμενος.
781 3617 850 3668 ἀλλά
862 3616 906 3668 καί
925 3617 989 3686 περί
1007 3617 1124 3688 αὐχένος
1141 3619 1170 3668 ἐν
1184 3621 1241 3679 τοῖς

113 3700 215 3769 νηπίοις
232 3702 518 3767 καταύεὐεσμευμένος
539 3702 664 3772 ἀπείργει
687 3703 794 3770 φθόνον
818 3704 860 3755 καί
885 3700 986 3755 ἄνοσον
1011 3703 1093 3763 σώζει
1115 3705 1158 3755 καί
1181 3705 1242 3756 ἀνε-

112 3784 296 3850 ειβοιῖλευεον
318 3787 451 3853 φυλάττει
473 3789 520 3840 τόν
540 3788 643 3858 νήπιον,
661 3789 705 3841 καί
727 3789 770 3841 ὅτι
794 3789 840 3841 τόν
859 3794 953 3843 τοῦτον
972 3794 1115 3859 φοροῦντα
1132 3790 1174 3842 καί
1190 3790 1242 3857 βα-

114 3868 199 3930 σιλεῖς
215 3870 356 3924 clocam«
373 3873 418 3924 καί
435 3874 559 3926 δικασταί
576 3875 620 3926 καί
638 3874 713 3945 ἡδεῖς
730 3877 796 3927 πάσι
814 3875 944 3927 δοκοῦσιν.
963 3905 997 3916 -
1018 3876 1038 3928 9
1063 3875 1124 3946 λη’θ.
1144 3868 1242 3928 όπεκά-

113 3953 197 4007 λεσεν
211 3956 243 4009 Β.
257 3984 287 3995 -
305 3956 341 4009 10
359 3958 526 4026 τριβομένου
538 3959 609 4030 λχιύρ
622 3960 729 4028 εετίρείς
749 3959 914 4028 τριβόμενος
931 3961 1007 4032 ὐχάρ
1022 3961 1054 4024 V,
1075 3962 1243 4031 τριβόμενος

113 4039 217 4111 λχόρες
228 4040 259 4094 Β.
279 4070 306 4082 -
323 4043 360 4095 14
377 4045 455 4096 θεῶν
468 4044 552 4097 αὐτόν
565 4045 643 4099 B.-
658 4048 693 4098 15
712 4047 744 4098 δέ
761 4063 822 4098 τινα
842 4046 886 4098 καί
902 4047 1003 4115 έτέρσν
1017 4046 1054 4111 ῖς
1071 4047 1127 4117 γὰρ
1145 4063 1195 4102 om.
1211 4048 1241 4101 V.

113 4153 148 4167 -
167 4127 211 4180 Διι
232 4125 473 4194 άποσβιννυμίνου
491 4129 535 4182 καί
552 4128 732 4194 λειπομένσυλ
750 4162 784 4172 -
801 4131 837 4183 18
854 4131 979 4200 ἐπιράνει
995 4133 1032 4200 Βς
1051 4132 1147 4204 εὐρῶτν
1159 4132 1190 4187 B.
