<?xml version="1.0" encoding="UTF-8"?>
<!DOCTYPE html PUBLIC "-//W3C//DTD XHTML 1.0 Transitional//EN"
    "http://www.w3.org/TR/xhtml1/DTD/xhtml1-transitional.dtd">
<html xmlns="http://www.w3.org/1999/xhtml" xml:lang="en" lang="en">
 <head>
  <title>
</title>
<meta http-equiv="Content-Type" content="text/html;charset=utf-8" />
  <meta name='ocr-system' content='tesseract 3.04.00' />
  <meta name='ocr-capabilities' content='ocr_page ocr_carea ocr_par ocr_line ocrx_word'/>
</head>
<body>
  <div class='ocr_page' id='page_1' title='image "./orpheilithica00orphgoog_0160.png"; bbox 0 0 2866 4620; ppageno 0'>
   <div class='ocr_carea' id='block_1_1' title="bbox 649 304 884 370">
    <p class='ocr_par' dir='ltr' id='par_1_1' title="bbox 649 304 884 370">
     <span class='ocr_line' id='line_1_1' title="bbox 649 304 884 370; baseline 0 -1"><span class='ocrx_word' id='word_1_1' title='bbox 649 304 884 370; x_wconf 85' lang='lat'>-151-</span> 
     </span>
    </p>
   </div>
   <div class='ocr_carea' id='block_1_2' title="bbox 153 492 1330 2236">
    <p class='ocr_par' dir='ltr' id='par_1_2' title="bbox 153 492 1330 2236">
     <span class='ocr_line' id='line_1_2' title="bbox 198 492 1326 584; baseline -0.001 -25"><span class='ocrx_word' id='word_1_2' title='bbox 198 497 370 584; x_wconf 79' lang='grc' dir='ltr'><em>χρώματος</em></span> <span class='ocrx_word' id='word_1_3' title='bbox 384 494 446 579; x_wconf 83' lang='grc' dir='ltr'><em>γὰρ</em></span> <span class='ocrx_word' id='word_1_4' title='bbox 462 493 510 557; x_wconf 81' lang='grc' dir='ltr'><em>καί</em></span> <span class='ocrx_word' id='word_1_5' title='bbox 525 492 567 580; x_wconf 74' lang='grc' dir='ltr'><em>πῂ</em></span> <span class='ocrx_word' id='word_1_6' title='bbox 582 493 641 577; x_wconf 80' lang='grc' dir='ltr'><em>μὲν</em></span> <span class='ocrx_word' id='word_1_7' title='bbox 663 492 780 556; x_wconf 82' lang='grc' dir='ltr'><em>λάσπιδι</em></span> <span class='ocrx_word' id='word_1_8' title='bbox 794 494 1000 576; x_wconf 81' lang='grc' dir='ltr'><em>προσεοικώς,</em></span> <span class='ocrx_word' id='word_1_9' title='bbox 1020 493 1061 579; x_wconf 72' lang='grc' dir='ltr'><em>πη</em></span> <span class='ocrx_word' id='word_1_10' title='bbox 1079 492 1116 556; x_wconf 79' lang='grc' dir='ltr'><em>δὲ</em></span> <span class='ocrx_word' id='word_1_11' title='bbox 1131 495 1177 579; x_wconf 79' lang='grc' dir='ltr'><em>τῷ</em></span> <span class='ocrx_word' id='word_1_12' title='bbox 1193 493 1326 581; x_wconf 82' lang='grc' dir='ltr'><em>σαρδίηι,</em></span> 
     </span>
     <span class='ocr_line' id='line_1_3' title="bbox 204 603 1328 695; baseline 0 -26"><span class='ocrx_word' id='word_1_13' title='bbox 204 605 300 693; x_wconf 75' lang='grc' dir='ltr'><em>πῂδὲ</em></span> <span class='ocrx_word' id='word_1_14' title='bbox 323 607 369 690; x_wconf 81' lang='grc' dir='ltr'><em>τῷ</em></span> <span class='ocrx_word' id='word_1_15' title='bbox 391 605 577 690; x_wconf 83' lang='grc' dir='ltr'><em>σμαράγδῳ,</em></span> <span class='ocrx_word' id='word_1_16' title='bbox 608 605 656 667; x_wconf 80' lang='grc' dir='ltr'><em>καί</em></span> <span class='ocrx_word' id='word_1_17' title='bbox 686 607 740 668; x_wconf 82' lang='grc' dir='ltr'><em>τοῦ</em></span> <span class='ocrx_word' id='word_1_18' title='bbox 764 604 824 687; x_wconf 73' lang='grc' dir='ltr'><em>μὲν</em></span> <span class='ocrx_word' id='word_1_19' title='bbox 854 604 997 681; x_wconf 85' lang='grc' dir='ltr'><em>ίάσπιδος</em></span> <span class='ocrx_word' id='word_1_20' title='bbox 1026 606 1059 668; x_wconf 88' lang='grc' dir='ltr'><em>τδ</em></span> <span class='ocrx_word' id='word_1_21' title='bbox 1090 603 1229 681; x_wconf 84' lang='grc' dir='ltr'><em>δελῶδες</em></span> <span class='ocrx_word' id='word_1_22' title='bbox 1255 610 1328 695; x_wconf 72' lang='grc' dir='ltr'><em>ἔχει,</em></span> 
     </span>
     <span class='ocr_line' id='line_1_4' title="bbox 203 715 1329 804; baseline -0.002 -24"><span class='ocrx_word' id='word_1_23' title='bbox 203 720 257 781; x_wconf 84' lang='grc' dir='ltr'><em>τοῦ</em></span> <span class='ocrx_word' id='word_1_24' title='bbox 280 715 316 779; x_wconf 82' lang='grc' dir='ltr'><em>δὲ</em></span> <span class='ocrx_word' id='word_1_25' title='bbox 340 715 471 799; x_wconf 91' lang='grc' dir='ltr'><em>σαρδίου</em></span> <span class='ocrx_word' id='word_1_26' title='bbox 494 716 528 778; x_wconf 85' lang='grc' dir='ltr'><em>τὸ</em></span> <span class='ocrx_word' id='word_1_27' title='bbox 552 715 736 798; x_wconf 79' lang='grc' dir='ltr'><em>αἱματῶδες,</em></span> <span class='ocrx_word' id='word_1_28' title='bbox 762 719 814 779; x_wconf 77' lang='grc' dir='ltr'><em>τοῦ</em></span> <span class='ocrx_word' id='word_1_29' title='bbox 837 716 874 779; x_wconf 83' lang='grc' dir='ltr'><em>δὲ</em></span> <span class='ocrx_word' id='word_1_30' title='bbox 895 716 1081 800; x_wconf 87' lang='grc' dir='ltr'><em>σμαράγδου</em></span> <span class='ocrx_word' id='word_1_31' title='bbox 1098 716 1131 778; x_wconf 89' lang='grc' dir='ltr'><em>τδ</em></span> <span class='ocrx_word' id='word_1_32' title='bbox 1147 715 1271 804; x_wconf 78' lang='grc' dir='ltr'><em>αίγληέν</em></span> <span class='ocrx_word' id='word_1_33' title='bbox 1295 737 1329 779; x_wconf 89' lang='grc' dir='ltr'><em>τε</em></span> 
     </span>
     <span class='ocr_line' id='line_1_5' title="bbox 203 807 1329 911; baseline -0.002 -21"><span class='ocrx_word' id='word_1_34' title='bbox 203 827 252 890; x_wconf 81' lang='grc' dir='ltr'><em>καὶ</em></span> <span class='ocrx_word' id='word_1_35' title='bbox 273 807 425 910; x_wconf 85' lang='grc' dir='ltr'><em>λαμπρόν.</em></span> <span class='ocrx_word' id='word_1_36' title='bbox 449 825 559 890; x_wconf 86' lang='grc' dir='ltr'><em>ἄλλοτε</em></span> <span class='ocrx_word' id='word_1_37' title='bbox 580 826 616 889; x_wconf 87' lang='grc' dir='ltr'><em>δὲ</em></span> <span class='ocrx_word' id='word_1_38' title='bbox 638 827 687 890; x_wconf 80' lang='grc' dir='ltr'><em>καὶ</em></span> <span class='ocrx_word' id='word_1_39' title='bbox 709 829 743 890; x_wconf 89' lang='grc' dir='ltr'><em>τδ</em></span> <span class='ocrx_word' id='word_1_40' title='bbox 766 829 921 911; x_wconf 79' lang='grc' dir='ltr'><em>φοινικοῦν</em></span> <span class='ocrx_word' id='word_1_41' title='bbox 944 827 994 890; x_wconf 81' lang='grc' dir='ltr'><em>καὶ</em></span> <span class='ocrx_word' id='word_1_42' title='bbox 1022 825 1161 910; x_wconf 73' lang='grc' dir='ltr'><em>ἐρυθρὸν</em></span> <span class='ocrx_word' id='word_1_43' title='bbox 1185 826 1218 888; x_wconf 80' lang='grc' dir='ltr'><em>ἐν</em></span> <span class='ocrx_word' id='word_1_44' title='bbox 1241 824 1329 911; x_wconf 75' lang='grc' dir='ltr'><em>αὐτῷ</em></span> 
     </span>
     <span class='ocr_line' id='line_1_6' title="bbox 168 934 1327 1025; baseline -0.001 -25"><span class='ocrx_word' id='word_1_45' title='bbox 168 938 252 1001; x_wconf 77' lang='grc' dir='ltr'><em>ὁκαὶ</em></span> <span class='ocrx_word' id='word_1_46' title='bbox 274 936 338 1000; x_wconf 85' lang='grc' dir='ltr'><em>οἷον</em></span> <span class='ocrx_word' id='word_1_47' title='bbox 358 937 527 1020; x_wconf 83' lang='grc' dir='ltr'><em>μιλτώδες·</em></span> <span class='ocrx_word' id='word_1_48' title='bbox 556 936 633 1000; x_wconf 88' lang='grc' dir='ltr'><em>ἀλλά</em></span> <span class='ocrx_word' id='word_1_49' title='bbox 661 938 709 1001; x_wconf 81' lang='grc' dir='ltr'><em>καὶ</em></span> <span class='ocrx_word' id='word_1_50' title='bbox 726 938 836 1023; x_wconf 76' lang='grc' dir='ltr'><em>χαλκῷ</em></span> <span class='ocrx_word' id='word_1_51' title='bbox 859 939 893 1000; x_wconf 82' lang='grc' dir='ltr'><em>τὸ</em></span> <span class='ocrx_word' id='word_1_52' title='bbox 910 943 1029 1025; x_wconf 80' lang='grc' dir='ltr'><em>χρῶμα</em></span> <span class='ocrx_word' id='word_1_53' title='bbox 1052 937 1196 1011; x_wconf 77' lang='grc' dir='ltr'><em>πολλάκις</em></span> <span class='ocrx_word' id='word_1_54' title='bbox 1218 934 1327 1017; x_wconf 84' lang='grc' dir='ltr'><em>ἔοικεν,</em></span> 
     </span>
     <span class='ocr_line' id='line_1_7' title="bbox 203 1045 1328 1134; baseline -0.004 -22"><span class='ocrx_word' id='word_1_55' title='bbox 203 1046 267 1112; x_wconf 81' lang='grc' dir='ltr'><em>ἔστι</em></span> <span class='ocrx_word' id='word_1_56' title='bbox 289 1047 325 1110; x_wconf 84' lang='grc' dir='ltr'><em>δὲ</em></span> <span class='ocrx_word' id='word_1_57' title='bbox 347 1047 400 1110; x_wconf 86' lang='grc' dir='ltr'><em>δτε</em></span> <span class='ocrx_word' id='word_1_58' title='bbox 422 1047 472 1110; x_wconf 79' lang='grc' dir='ltr'><em>καὶ</em></span> <span class='ocrx_word' id='word_1_59' title='bbox 485 1047 588 1134; x_wconf 78' lang='grc' dir='ltr'><em>μηλῳ.</em></span> <span class='ocrx_word' id='word_1_60' title='bbox 613 1047 736 1110; x_wconf 83' lang='grc' dir='ltr'><em>πάντων</em></span> <span class='ocrx_word' id='word_1_61' title='bbox 752 1045 788 1109; x_wconf 80' lang='grc' dir='ltr'><em>δὲ</em></span> <span class='ocrx_word' id='word_1_62' title='bbox 803 1045 1005 1128; x_wconf 79' lang='grc' dir='ltr'><em>προκρίνουσι</em></span> <span class='ocrx_word' id='word_1_63' title='bbox 1023 1047 1157 1130; x_wconf 89' lang='grc' dir='ltr'><em>μάλιστα</em></span> <span class='ocrx_word' id='word_1_64' title='bbox 1174 1048 1226 1110; x_wconf 92' lang='grc' dir='ltr'><em>τδν</em></span> <span class='ocrx_word' id='word_1_65' title='bbox 1242 1045 1328 1121; x_wconf 79' lang='grc' dir='ltr'><em>είδος</em></span> 
     </span>
     <span class='ocr_line' id='line_1_8' title="bbox 203 1155 1328 1246; baseline -0.003 -25"><span class='ocrx_word' id='word_1_66' title='bbox 203 1156 313 1246; x_wconf 75' lang='grc' dir='ltr'><em>ἔχοντα</em></span> <span class='ocrx_word' id='word_1_67' title='bbox 334 1157 400 1220; x_wconf 89' lang='grc' dir='ltr'><em>λίαν</em></span> <span class='ocrx_word' id='word_1_68' title='bbox 421 1155 560 1241; x_wconf 79' lang='grc' dir='ltr'><em>ἐρυδρδν</em></span> <span class='ocrx_word' id='word_1_69' title='bbox 582 1157 631 1220; x_wconf 83' lang='grc' dir='ltr'><em>καὶ</em></span> <span class='ocrx_word' id='word_1_70' title='bbox 653 1157 838 1240; x_wconf 80' lang='grc' dir='ltr'><em>αίματῶδες,</em></span> <span class='ocrx_word' id='word_1_71' title='bbox 860 1156 896 1220; x_wconf 88' lang='grc' dir='ltr'><em>δν</em></span> <span class='ocrx_word' id='word_1_72' title='bbox 918 1158 966 1221; x_wconf 82' lang='grc' dir='ltr'><em>καί</em></span> <span class='ocrx_word' id='word_1_73' title='bbox 988 1157 1139 1242; x_wconf 83' lang='grc' dir='ltr'><em>δαφοινὸν</em></span> <span class='ocrx_word' id='word_1_74' title='bbox 1169 1159 1328 1238; x_wconf 85' lang='grc' dir='ltr'><em>καλοῦσιν,</em></span> 
     </span>
     <span class='ocr_line' id='line_1_9' title="bbox 203 1264 1328 1353; baseline 0 -23"><span class='ocrx_word' id='word_1_75' title='bbox 203 1265 262 1352; x_wconf 88' lang='grc' dir='ltr'><em>ἀφ’</em></span> <span class='ocrx_word' id='word_1_76' title='bbox 275 1264 377 1332; x_wconf 83' lang='grc' dir='ltr'><em>οὔκαὶ</em></span> <span class='ocrx_word' id='word_1_77' title='bbox 391 1267 596 1353; x_wconf 84' lang='grc' dir='ltr'><em>λεοντοδέρην</em></span> <span class='ocrx_word' id='word_1_78' title='bbox 612 1266 691 1340; x_wconf 84' lang='grc' dir='ltr'><em>τινὲς</em></span> <span class='ocrx_word' id='word_1_79' title='bbox 709 1267 802 1330; x_wconf 77' lang='grc' dir='ltr'><em>αὐτὸν</em></span> <span class='ocrx_word' id='word_1_80' title='bbox 818 1267 944 1331; x_wconf 83' lang='grc' dir='ltr'><em>καλοῦσι</em></span> <span class='ocrx_word' id='word_1_81' title='bbox 967 1272 1027 1330; x_wconf 82' lang='grc' dir='ltr'><em>τῶν</em></span> <span class='ocrx_word' id='word_1_82' title='bbox 1048 1267 1195 1331; x_wconf 86' lang='grc' dir='ltr'><em>παλαιῶν.</em></span> <span class='ocrx_word' id='word_1_83' title='bbox 1220 1269 1328 1331; x_wconf 84' lang='grc' dir='ltr'><em>τοῦτον</em></span> 
     </span>
     <span class='ocr_line' id='line_1_10' title="bbox 202 1376 1328 1462; baseline 0.001 -22"><span class='ocrx_word' id='word_1_84' title='bbox 202 1376 239 1440; x_wconf 82' lang='grc' dir='ltr'><em>δὲ</em></span> <span class='ocrx_word' id='word_1_85' title='bbox 261 1377 354 1441; x_wconf 79' lang='grc' dir='ltr'><em>αὐτὸν</em></span> <span class='ocrx_word' id='word_1_86' title='bbox 376 1378 424 1440; x_wconf 81' lang='grc' dir='ltr'><em>καὶ</em></span> <span class='ocrx_word' id='word_1_87' title='bbox 439 1379 635 1441; x_wconf 79' lang='grc' dir='ltr'><em>κατάστικτον</em></span> <span class='ocrx_word' id='word_1_88' title='bbox 652 1376 729 1440; x_wconf 84' lang='grc' dir='ltr'><em>είναί</em></span> <span class='ocrx_word' id='word_1_89' title='bbox 754 1401 866 1462; x_wconf 77' lang='grc' dir='ltr'><em>φασιν,</em></span> <span class='ocrx_word' id='word_1_90' title='bbox 888 1378 999 1461; x_wconf 82' lang='grc' dir='ltr'><em>ὥσπερ</em></span> <span class='ocrx_word' id='word_1_91' title='bbox 1022 1378 1074 1440; x_wconf 87' lang='grc' dir='ltr'><em>τὸν</em></span> <span class='ocrx_word' id='word_1_92' title='bbox 1089 1376 1199 1440; x_wconf 86' lang='grc' dir='ltr'><em>λέοντα</em></span> <span class='ocrx_word' id='word_1_93' title='bbox 1224 1376 1328 1462; x_wconf 83' lang='grc' dir='ltr'><em>φολίσι</em></span> 
     </span>
     <span class='ocr_line' id='line_1_11' title="bbox 154 1486 1330 1575; baseline 0.003 -27"><span class='ocrx_word' id='word_1_94' title='bbox 154 1497 185 1548; x_wconf 87' lang='grc'><em>10</em></span> <span class='ocrx_word' id='word_1_95' title='bbox 204 1491 337 1573; x_wconf 83' lang='grc' dir='ltr'><em>πυρσαῖς</em></span> <span class='ocrx_word' id='word_1_96' title='bbox 358 1486 377 1574; x_wconf 67' lang='grc' dir='ltr'><em>ἢ</em></span> <span class='ocrx_word' id='word_1_97' title='bbox 401 1488 450 1550; x_wconf 82' lang='grc' dir='ltr'><em>καὶ</em></span> <span class='ocrx_word' id='word_1_98' title='bbox 472 1487 605 1560; x_wconf 85' lang='grc' dir='ltr'><em>ποικίλας</em></span> <span class='ocrx_word' id='word_1_99' title='bbox 628 1486 878 1570; x_wconf 83' lang='grc' dir='ltr'><em>ἀναμεμιγμένας</em></span> <span class='ocrx_word' id='word_1_100' title='bbox 907 1486 1050 1575; x_wconf 73' lang='grc' dir='ltr'><em>ἐχούσαις</em></span> <span class='ocrx_word' id='word_1_101' title='bbox 1077 1489 1125 1552; x_wconf 83' lang='grc' dir='ltr'><em>καί</em></span> <span class='ocrx_word' id='word_1_102' title='bbox 1146 1487 1258 1562; x_wconf 84' lang='grc' dir='ltr'><em>λευκὰς</em></span> <span class='ocrx_word' id='word_1_103' title='bbox 1280 1488 1330 1552; x_wconf 79' lang='grc' dir='ltr'><em>καὶ</em></span> 
     </span>
     <span class='ocr_line' id='line_1_12' title="bbox 200 1597 1328 1685; baseline 0 -23"><span class='ocrx_word' id='word_1_104' title='bbox 200 1597 347 1680; x_wconf 80' lang='grc' dir='ltr'><em>μελαίνας</em></span> <span class='ocrx_word' id='word_1_105' title='bbox 369 1598 418 1662; x_wconf 82' lang='grc' dir='ltr'><em>καί</em></span> <span class='ocrx_word' id='word_1_106' title='bbox 438 1598 573 1684; x_wconf 79' lang='grc' dir='ltr'><em>γλώράς.</em></span> <span class='ocrx_word' id='word_1_107' title='bbox 599 1601 707 1660; x_wconf 87' lang='grc' dir='ltr'><em>τοῦτον</em></span> <span class='ocrx_word' id='word_1_108' title='bbox 730 1601 793 1671; x_wconf 86' lang='grc' dir='ltr'><em>τοῖς</em></span> <span class='ocrx_word' id='word_1_109' title='bbox 815 1597 1068 1685; x_wconf 76' lang='grc' dir='ltr'><em>σκορπιοδῆκτοις</em></span> <span class='ocrx_word' id='word_1_110' title='bbox 1083 1598 1328 1684; x_wconf 84' lang='grc' dir='ltr'><em>ὠφελιμώτατον</em></span> 
     </span>
     <span class='ocr_line' id='line_1_13' title="bbox 203 1707 1329 1796; baseline 0.001 -24"><span class='ocrx_word' id='word_1_111' title='bbox 203 1707 298 1774; x_wconf 78' lang='grc' dir='ltr'><em>εἶναι·</em></span> <span class='ocrx_word' id='word_1_112' title='bbox 320 1709 348 1771; x_wconf 81' lang='grc' dir='ltr'><em>εί</em></span> <span class='ocrx_word' id='word_1_113' title='bbox 369 1710 431 1791; x_wconf 90' lang='grc' dir='ltr'><em>γάρ</em></span> <span class='ocrx_word' id='word_1_114' title='bbox 456 1730 499 1783; x_wconf 90' lang='grc' dir='ltr'><em>τις</em></span> <span class='ocrx_word' id='word_1_115' title='bbox 521 1708 569 1771; x_wconf 83' lang='grc' dir='ltr'><em>καί</em></span> <span class='ocrx_word' id='word_1_116' title='bbox 590 1712 802 1796; x_wconf 70' lang='grc' dir='ltr'><em>ψυχορραγῶν</em></span> <span class='ocrx_word' id='word_1_117' title='bbox 818 1707 892 1795; x_wconf 83' lang='grc' dir='ltr'><em>τάχη</em></span> <span class='ocrx_word' id='word_1_118' title='bbox 910 1708 994 1791; x_wconf 81' lang='grc' dir='ltr'><em>παρὰ</em></span> <span class='ocrx_word' id='word_1_119' title='bbox 1011 1711 1064 1771; x_wconf 89' lang='grc' dir='ltr'><em>τοῦ</em></span> <span class='ocrx_word' id='word_1_120' title='bbox 1080 1710 1258 1793; x_wconf 80' lang='grc' dir='ltr'><em>τραύματος</em></span> <span class='ocrx_word' id='word_1_121' title='bbox 1281 1712 1329 1773; x_wconf 77' lang='grc' dir='ltr'><em>καί</em></span> 
     </span>
     <span class='ocr_line' id='line_1_14' title="bbox 203 1817 1330 1906; baseline 0.003 -25"><span class='ocrx_word' id='word_1_122' title='bbox 203 1818 400 1904; x_wconf 80' lang='grc' dir='ltr'><em>περιαρτηση</em></span> <span class='ocrx_word' id='word_1_123' title='bbox 427 1821 534 1880; x_wconf 83' lang='grc' dir='ltr'><em>τοῦτον</em></span> <span class='ocrx_word' id='word_1_124' title='bbox 557 1818 628 1901; x_wconf 81' lang='grc' dir='ltr'><em>περὶ</em></span> <span class='ocrx_word' id='word_1_125' title='bbox 655 1817 742 1903; x_wconf 77' lang='grc' dir='ltr'><em>αὐτῷ</em></span> <span class='ocrx_word' id='word_1_126' title='bbox 771 1817 790 1905; x_wconf 73' lang='grc' dir='ltr'><em>ἢ</em></span> <span class='ocrx_word' id='word_1_127' title='bbox 820 1820 869 1881; x_wconf 81' lang='grc' dir='ltr'><em>καὶ</em></span> <span class='ocrx_word' id='word_1_128' title='bbox 899 1817 1072 1906; x_wconf 82' lang='grc' dir='ltr'><em>ἐπιπλάσση</em></span> <span class='ocrx_word' id='word_1_129' title='bbox 1093 1821 1228 1902; x_wconf 89' lang='grc' dir='ltr'><em>μάλιστα</em></span> <span class='ocrx_word' id='word_1_130' title='bbox 1257 1843 1330 1904; x_wconf 83' lang='grc' dir='ltr'><em>συγ·</em></span> 
     </span>
     <span class='ocr_line' id='line_1_15' title="bbox 203 1926 1329 2015; baseline 0.003 -24"><span class='ocrx_word' id='word_1_131' title='bbox 203 1928 316 2012; x_wconf 73' lang='grc' dir='ltr'><em>κόψας,</em></span> <span class='ocrx_word' id='word_1_132' title='bbox 341 1926 448 1990; x_wconf 80' lang='grc' dir='ltr'><em>αὐτίκα</em></span> <span class='ocrx_word' id='word_1_133' title='bbox 469 1928 546 1990; x_wconf 87' lang='grc' dir='ltr'><em>κατὰ</em></span> <span class='ocrx_word' id='word_1_134' title='bbox 567 1928 671 2015; x_wconf 72' lang='grc' dir='ltr'><em>βραχὺ</em></span> <span class='ocrx_word' id='word_1_135' title='bbox 688 1929 743 2002; x_wconf 84' lang='grc' dir='ltr'><em>τὰς</em></span> <span class='ocrx_word' id='word_1_136' title='bbox 758 1928 933 2015; x_wconf 77' lang='grc' dir='ltr'><em>ἀλγηδόνας</em></span> <span class='ocrx_word' id='word_1_137' title='bbox 948 1929 1154 2014; x_wconf 76' lang='grc' dir='ltr'><em>ἀπομαραίνει</em></span> <span class='ocrx_word' id='word_1_138' title='bbox 1170 1933 1218 1994; x_wconf 80' lang='grc' dir='ltr'><em>καί</em></span> <span class='ocrx_word' id='word_1_139' title='bbox 1232 1930 1329 2004; x_wconf 74' lang='grc' dir='ltr'><em>σώζει</em></span> 
     </span>
     <span class='ocr_line' id='line_1_16' title="bbox 153 2037 1328 2127; baseline 0.005 -30"><span class='ocrx_word' id='word_1_140' title='bbox 153 2048 184 2098; x_wconf 80' lang='lat'><em>15</em></span> <span class='ocrx_word' id='word_1_141' title='bbox 204 2039 255 2101; x_wconf 89' lang='grc' dir='ltr'><em>τδν</em></span> <span class='ocrx_word' id='word_1_142' title='bbox 278 2040 441 2121; x_wconf 78' lang='grc' dir='ltr'><em>κάμνοντα,</em></span> <span class='ocrx_word' id='word_1_143' title='bbox 465 2037 531 2101; x_wconf 82' lang='grc' dir='ltr'><em>ἐστὶ</em></span> <span class='ocrx_word' id='word_1_144' title='bbox 553 2037 589 2100; x_wconf 85' lang='grc' dir='ltr'><em>δὲ</em></span> <span class='ocrx_word' id='word_1_145' title='bbox 612 2039 660 2101; x_wconf 83' lang='grc' dir='ltr'><em>κοιλ</em></span> <span class='ocrx_word' id='word_1_146' title='bbox 683 2037 839 2122; x_wconf 81' lang='grc' dir='ltr'><em>ἐρωτικός,</em></span> <span class='ocrx_word' id='word_1_147' title='bbox 862 2039 908 2113; x_wconf 81' lang='grc' dir='ltr'><em>ὥς</em></span> <span class='ocrx_word' id='word_1_148' title='bbox 929 2062 1024 2124; x_wconf 84' lang='grc' dir='ltr'><em>φασι,</em></span> <span class='ocrx_word' id='word_1_149' title='bbox 1048 2041 1096 2102; x_wconf 80' lang='grc' dir='ltr'><em>καί</em></span> <span class='ocrx_word' id='word_1_150' title='bbox 1120 2039 1237 2127; x_wconf 81' lang='grc' dir='ltr'><em>τίδησιν</em></span> <span class='ocrx_word' id='word_1_151' title='bbox 1267 2040 1328 2104; x_wconf 79' lang='grc' dir='ltr'><em>ἐπι·</em></span> 
     </span>
     <span class='ocr_line' id='line_1_17' title="bbox 202 2147 1327 2236; baseline 0.004 -26"><span class='ocrx_word' id='word_1_152' title='bbox 202 2147 362 2234; x_wconf 81' lang='grc' dir='ltr'><em>δνμητοδς</em></span> <span class='ocrx_word' id='word_1_153' title='bbox 376 2148 495 2232; x_wconf 85' lang='grc' dir='ltr'><em>ἄνδρας</em></span> <span class='ocrx_word' id='word_1_154' title='bbox 511 2171 544 2212; x_wconf 86' lang='grc' dir='ltr'><em>τε</em></span> <span class='ocrx_word' id='word_1_155' title='bbox 561 2149 678 2229; x_wconf 80' lang='grc' dir='ltr'><em>γυναιξί</em></span> <span class='ocrx_word' id='word_1_156' title='bbox 699 2150 747 2211; x_wconf 81' lang='grc' dir='ltr'><em>καί</em></span> <span class='ocrx_word' id='word_1_157' title='bbox 762 2152 907 2230; x_wconf 79' lang='grc' dir='ltr'><em>γυναῖκας</em></span> <span class='ocrx_word' id='word_1_158' title='bbox 922 2149 1055 2233; x_wconf 76' lang='grc' dir='ltr'><em>ἀνδράσι</em></span> <span class='ocrx_word' id='word_1_159' title='bbox 1072 2150 1327 2236; x_wconf 81' lang='grc' dir='ltr'><em>περιαπτόμενος,</em></span> 
     </span>
    </p>
   </div>
   <div class='ocr_carea' id='block_1_3' title="bbox 144 2251 1327 2348">
    <p class='ocr_par' dir='ltr' id='par_1_3' title="bbox 144 2251 1327 2348">
     <span class='ocr_line' id='line_1_18' title="bbox 144 2251 1327 2348; baseline 0.003 -26"><span class='ocrx_word' id='word_1_160' title='bbox 144 2302 147 2311; x_wconf 88' lang='grc'><strong>-</strong></span> <span class='ocrx_word' id='word_1_161' title='bbox 182 2251 251 2322; x_wconf 79' lang='grc' dir='ltr'><em>ικαὶ</em></span> <span class='ocrx_word' id='word_1_162' title='bbox 273 2257 393 2340; x_wconf 83' lang='grc' dir='ltr'><em>δέλγειν</em></span> <span class='ocrx_word' id='word_1_163' title='bbox 414 2259 450 2322; x_wconf 81' lang='grc' dir='ltr'><em>δὲ</em></span> <span class='ocrx_word' id='word_1_164' title='bbox 466 2259 583 2335; x_wconf 79' lang='grc' dir='ltr'><em>πάντας</em></span> <span class='ocrx_word' id='word_1_165' title='bbox 604 2259 792 2334; x_wconf 77' lang='grc' dir='ltr'><em>ἱκανώτατος</em></span> <span class='ocrx_word' id='word_1_166' title='bbox 814 2259 848 2321; x_wconf 80' lang='grc' dir='ltr'><em>ἐν</em></span> <span class='ocrx_word' id='word_1_167' title='bbox 865 2263 930 2333; x_wconf 81' lang='grc' dir='ltr'><em>ταῖς</em></span> <span class='ocrx_word' id='word_1_168' title='bbox 944 2259 1082 2344; x_wconf 79' lang='grc' dir='ltr'><em>ὁμιλίαις,</em></span> <span class='ocrx_word' id='word_1_169' title='bbox 1099 2261 1147 2323; x_wconf 80' lang='grc' dir='ltr'><em>καί</em></span> <span class='ocrx_word' id='word_1_170' title='bbox 1170 2265 1231 2324; x_wconf 82' lang='grc' dir='ltr'><em>τῶν</em></span> <span class='ocrx_word' id='word_1_171' title='bbox 1246 2261 1327 2348; x_wconf 79' lang='grc' dir='ltr'><em>αἰτη-</em></span> 
     </span>
    </p>
   </div>
   <div class='ocr_carea' id='block_1_4' title="bbox 150 2370 1330 2791">
    <p class='ocr_par' dir='ltr' id='par_1_4' title="bbox 150 2370 1330 2791">
     <span class='ocr_line' id='line_1_19' title="bbox 201 2370 1330 2459; baseline 0.001 -25"><span class='ocrx_word' id='word_1_172' title='bbox 201 2393 284 2435; x_wconf 89' lang='grc' dir='ltr'><em>σεών</em></span> <span class='ocrx_word' id='word_1_173' title='bbox 304 2373 348 2458; x_wconf 84' lang='grc' dir='ltr'><em>μη</em></span> <span class='ocrx_word' id='word_1_174' title='bbox 371 2372 593 2459; x_wconf 73' lang='grc' dir='ltr'><em>ἀποτυγχάνειν</em></span> <span class='ocrx_word' id='word_1_175' title='bbox 619 2375 706 2434; x_wconf 81' lang='grc' dir='ltr'><em>ποιεῖ.</em></span> <span class='ocrx_word' id='word_1_176' title='bbox 729 2372 778 2434; x_wconf 79' lang='grc' dir='ltr'><em>καὶ</em></span> <span class='ocrx_word' id='word_1_177' title='bbox 800 2371 880 2454; x_wconf 88' lang='grc' dir='ltr'><em>πρὸς</em></span> <span class='ocrx_word' id='word_1_178' title='bbox 900 2375 1001 2433; x_wconf 83' lang='grc' dir='ltr'><em>πᾶσαν</em></span> <span class='ocrx_word' id='word_1_179' title='bbox 1017 2370 1109 2434; x_wconf 85' lang='grc' dir='ltr'><em>νόσον</em></span> <span class='ocrx_word' id='word_1_180' title='bbox 1125 2373 1231 2447; x_wconf 85' lang='grc' dir='ltr'><em>ἁπλῶς</em></span> <span class='ocrx_word' id='word_1_181' title='bbox 1247 2372 1330 2459; x_wconf 84' lang='grc' dir='ltr'><em>εὑρί-</em></span> 
     </span>
     <span class='ocr_line' id='line_1_20' title="bbox 202 2483 1330 2570; baseline -0.001 -24"><span class='ocrx_word' id='word_1_182' title='bbox 202 2505 306 2546; x_wconf 88' lang='grc' dir='ltr'><em>σκεται</em></span> <span class='ocrx_word' id='word_1_183' title='bbox 321 2485 570 2570; x_wconf 77' lang='grc' dir='ltr'><em>χρησιμώτατος,</em></span> <span class='ocrx_word' id='word_1_184' title='bbox 596 2483 767 2568; x_wconf 72' lang='grc' dir='ltr'><em>ἐξαιρέτους</em></span> <span class='ocrx_word' id='word_1_185' title='bbox 787 2484 823 2547; x_wconf 86' lang='grc' dir='ltr'><em>δὲ</em></span> <span class='ocrx_word' id='word_1_186' title='bbox 839 2485 917 2568; x_wconf 86' lang='grc' dir='ltr'><em>πρός</em></span> <span class='ocrx_word' id='word_1_187' title='bbox 933 2506 966 2547; x_wconf 89' lang='grc' dir='ltr'><em>τε</em></span> <span class='ocrx_word' id='word_1_188' title='bbox 989 2484 1141 2568; x_wconf 85' lang='grc' dir='ltr'><em>τριταίους</em></span> <span class='ocrx_word' id='word_1_189' title='bbox 1157 2486 1206 2548; x_wconf 78' lang='grc' dir='ltr'><em>καί</em></span> <span class='ocrx_word' id='word_1_190' title='bbox 1221 2505 1330 2568; x_wconf 90' lang='grc' dir='ltr'><em>τεταρ-</em></span> 
     </span>
     <span class='ocr_line' id='line_1_21' title="bbox 150 2574 1325 2681; baseline 0.003 -26"><span class='ocrx_word' id='word_1_191' title='bbox 150 2595 186 2646; x_wconf 72' lang='lat'><em>20</em></span> <span class='ocrx_word' id='word_1_192' title='bbox 204 2592 307 2666; x_wconf 90' lang='grc' dir='ltr'><em>ταίους</em></span> <span class='ocrx_word' id='word_1_193' title='bbox 329 2595 377 2656; x_wconf 80' lang='grc' dir='ltr'><em>καὶ</em></span> <span class='ocrx_word' id='word_1_194' title='bbox 399 2597 458 2656; x_wconf 84' lang='grc' dir='ltr'><em>πᾶν</em></span> <span class='ocrx_word' id='word_1_195' title='bbox 482 2593 600 2656; x_wconf 87' lang='grc' dir='ltr'><em>τοιόνδε</em></span> <span class='ocrx_word' id='word_1_196' title='bbox 622 2594 711 2675; x_wconf 85' lang='grc' dir='ltr'><em>γένος</em></span> <span class='ocrx_word' id='word_1_197' title='bbox 726 2598 922 2680; x_wconf 86' lang='grc' dir='ltr'><em>νοσημάτων.</em></span> <span class='ocrx_word' id='word_1_198' title='bbox 945 2574 1073 2681; x_wconf 81' lang='grc' dir='ltr'><em>σημεῖον</em></span> <span class='ocrx_word' id='word_1_199' title='bbox 1094 2594 1129 2656; x_wconf 82' lang='grc' dir='ltr'><em>δὲ</em></span> <span class='ocrx_word' id='word_1_200' title='bbox 1146 2599 1200 2679; x_wconf 77' lang='grc' dir='ltr'><em>τῆς</em></span> <span class='ocrx_word' id='word_1_201' title='bbox 1216 2593 1325 2658; x_wconf 81' lang='grc' dir='ltr'><em>τούτου</em></span> 
     </span>
     <span class='ocr_line' id='line_1_22' title="bbox 203 2701 1329 2791; baseline 0.003 -26"><span class='ocrx_word' id='word_1_202' title='bbox 203 2701 367 2786; x_wconf 84' lang='grc' dir='ltr'><em>δυνάμεως</em></span> <span class='ocrx_word' id='word_1_203' title='bbox 382 2703 501 2766; x_wconf 81' lang='grc' dir='ltr'><em>κάκεῖνο</em></span> <span class='ocrx_word' id='word_1_204' title='bbox 518 2708 690 2768; x_wconf 82' lang='grc' dir='ltr'><em>ποιοῦνται·</em></span> <span class='ocrx_word' id='word_1_205' title='bbox 706 2705 872 2789; x_wconf 76' lang='grc' dir='ltr'><em>ἑῴομένυις</em></span> <span class='ocrx_word' id='word_1_206' title='bbox 887 2705 947 2788; x_wconf 84' lang='grc' dir='ltr'><em>γὰρ</em></span> <span class='ocrx_word' id='word_1_207' title='bbox 963 2704 1089 2788; x_wconf 86' lang='grc' dir='ltr'><em>κέρασιν</em></span> <span class='ocrx_word' id='word_1_208' title='bbox 1105 2704 1124 2791; x_wconf 68' lang='grc' dir='ltr'><em>ἢ</em></span> <span class='ocrx_word' id='word_1_209' title='bbox 1140 2706 1189 2768; x_wconf 83' lang='grc' dir='ltr'><em>καί</em></span> <span class='ocrx_word' id='word_1_210' title='bbox 1209 2704 1329 2778; x_wconf 87' lang='grc' dir='ltr'><em>δστέοις</em></span> 
     </span>
    </p>
   </div>
   <div class='ocr_carea' id='block_1_5' title="bbox 127 2879 1330 4147">
    <p class='ocr_par' dir='ltr' id='par_1_5' title="bbox 127 2879 1330 4147">
     <span class='ocr_line' id='line_1_23' title="bbox 269 2879 1330 2954; baseline 0.003 -22"><span class='ocrx_word' id='word_1_211' title='bbox 269 2882 282 2932; x_wconf 92' lang='grc'>1</span> <span class='ocrx_word' id='word_1_212' title='bbox 303 2885 339 2949; x_wconf 80' lang='grc' dir='ltr'><em>πῆ</em></span> <span class='ocrx_word' id='word_1_213' title='bbox 359 2879 449 2934; x_wconf 81' lang='lat' dir='ltr'><strong>vbis.</strong></span> <span class='ocrx_word' id='word_1_214' title='bbox 480 2912 514 2921; x_wconf 95' lang='lat'><em>-</em></span> <span class='ocrx_word' id='word_1_215' title='bbox 542 2883 612 2950; x_wconf 79' lang='grc' dir='ltr'><em>2πῆ</em></span> <span class='ocrx_word' id='word_1_216' title='bbox 630 2882 670 2944; x_wconf 88' lang='lat' dir='ltr'><em>V;</em></span> <span class='ocrx_word' id='word_1_217' title='bbox 694 2881 764 2954; x_wconf 80' lang='grc' dir='ltr'><em>ἔχειν</em></span> <span class='ocrx_word' id='word_1_218' title='bbox 782 2882 848 2949; x_wconf 90' lang='lat' dir='ltr'><em>AB,</em></span> <span class='ocrx_word' id='word_1_219' title='bbox 866 2898 934 2937; x_wconf 86' lang='lat' dir='ltr'><strong>corr.</strong></span> <span class='ocrx_word' id='word_1_220' title='bbox 952 2882 1056 2951; x_wconf 87' lang='lat' dir='ltr'>Tyrwh.</span> <span class='ocrx_word' id='word_1_221' title='bbox 1083 2914 1117 2923; x_wconf 96' lang='lat'><em>-</em></span> <span class='ocrx_word' id='word_1_222' title='bbox 1143 2882 1279 2952; x_wconf 78' lang='grc' dir='ltr'><em>3αῑγλίεν</em></span> <span class='ocrx_word' id='word_1_223' title='bbox 1297 2882 1330 2949; x_wconf 92' lang='grc' dir='ltr'><em>Β,</em></span> 
     </span>
     <span class='ocr_line' id='line_1_24' title="bbox 202 2964 1330 3036; baseline 0.003 -19"><span class='ocrx_word' id='word_1_224' title='bbox 202 2964 322 3033; x_wconf 78' lang='grc' dir='ltr'><em>αλγλοῖεν</em></span> <span class='ocrx_word' id='word_1_225' title='bbox 341 2968 373 3027; x_wconf 86' lang='lat' dir='ltr'><em>A,</em></span> <span class='ocrx_word' id='word_1_226' title='bbox 392 2981 460 3019; x_wconf 86' lang='lat' dir='ltr'><strong>corr.</strong></span> <span class='ocrx_word' id='word_1_227' title='bbox 480 2967 561 3019; x_wconf 78' lang='lat' dir='ltr'>etiam</span> <span class='ocrx_word' id='word_1_228' title='bbox 579 2966 684 3034; x_wconf 79' lang='lat' dir='ltr'>Tyrwh.</span> <span class='ocrx_word' id='word_1_229' title='bbox 705 2999 736 3007; x_wconf 95' lang='lat'>-</span> <span class='ocrx_word' id='word_1_230' title='bbox 757 2969 775 3018; x_wconf 80' lang='grc' dir='ltr'>ὖ</span> <span class='ocrx_word' id='word_1_231' title='bbox 795 2967 944 3031; x_wconf 78' lang='grc' dir='ltr'><em>μελιτῶδες</em></span> <span class='ocrx_word' id='word_1_232' title='bbox 961 2968 993 3036; x_wconf 88' lang='lat' dir='ltr'><em>V,</em></span> <span class='ocrx_word' id='word_1_233' title='bbox 1010 2969 1148 3032; x_wconf 85' lang='grc' dir='ltr'><em>μολτῶδες</em></span> <span class='ocrx_word' id='word_1_234' title='bbox 1165 2970 1197 3036; x_wconf 85' lang='grc' dir='ltr'><em>Β,</em></span> <span class='ocrx_word' id='word_1_235' title='bbox 1214 2969 1330 3035; x_wconf 81' lang='grc' dir='ltr'><em>μελιτώ-</em></span> 
     </span>
     <span class='ocr_line' id='line_1_25' title="bbox 202 3050 1328 3122; baseline 0.001 -18"><span class='ocrx_word' id='word_1_236' title='bbox 202 3051 248 3111; x_wconf 81' lang='grc' dir='ltr'><em>δες</em></span> <span class='ocrx_word' id='word_1_237' title='bbox 265 3051 298 3118; x_wconf 91' lang='lat' dir='ltr'><em>A,</em></span> <span class='ocrx_word' id='word_1_238' title='bbox 320 3050 431 3103; x_wconf 80' lang='lat' dir='ltr'>inducta</span> <span class='ocrx_word' id='word_1_239' title='bbox 448 3052 498 3115; x_wconf 82' lang='grc' dir='ltr'><em>μελ</em></span> <span class='ocrx_word' id='word_1_240' title='bbox 516 3050 619 3118; x_wconf 75' lang='lat' dir='ltr'><strong>syllaba</strong></span> <span class='ocrx_word' id='word_1_241' title='bbox 637 3056 665 3104; x_wconf 83' lang='lat' dir='ltr'><em>et</em></span> <span class='ocrx_word' id='word_1_242' title='bbox 681 3052 728 3114; x_wconf 83' lang='grc' dir='ltr'><em>μιλ</em></span> <span class='ocrx_word' id='word_1_243' title='bbox 746 3053 966 3122; x_wconf 80' lang='lat' dir='ltr'>superimposit03</span> <span class='ocrx_word' id='word_1_244' title='bbox 992 3069 1059 3107; x_wconf 88' lang='lat' dir='ltr'>corr.</span> <span class='ocrx_word' id='word_1_245' title='bbox 1079 3054 1184 3122; x_wconf 76' lang='lat' dir='ltr'><strong>Tyrwh.</strong></span> <span class='ocrx_word' id='word_1_246' title='bbox 1210 3085 1245 3095; x_wconf 93' lang='lat'>-</span> <span class='ocrx_word' id='word_1_247' title='bbox 1263 3054 1283 3106; x_wconf 85' lang='grc'>6</span> <span class='ocrx_word' id='word_1_248' title='bbox 1300 3053 1328 3104; x_wconf 86' lang='grc' dir='ltr'><em>δ’</em></span> 
     </span>
     <span class='ocr_line' id='line_1_26' title="bbox 201 3134 1330 3206; baseline 0.003 -18"><span class='ocrx_word' id='word_1_249' title='bbox 201 3136 250 3188; x_wconf 81' lang='grc' dir='ltr'><em>ὅτε</em></span> <span class='ocrx_word' id='word_1_250' title='bbox 268 3139 301 3188; x_wconf 89' lang='lat' dir='ltr'><em>A.</em></span> <span class='ocrx_word' id='word_1_251' title='bbox 321 3165 353 3175; x_wconf 94' lang='lat'><em>-</em></span> <span class='ocrx_word' id='word_1_252' title='bbox 372 3138 392 3189; x_wconf 91' lang='lat'>8</span> <span class='ocrx_word' id='word_1_253' title='bbox 412 3138 464 3204; x_wconf 83' lang='grc' dir='ltr'><em>ἀφ’</em></span> <span class='ocrx_word' id='word_1_254' title='bbox 483 3134 516 3187; x_wconf 78' lang='grc' dir='ltr'><em>οδ</em></span> <span class='ocrx_word' id='word_1_255' title='bbox 533 3169 568 3178; x_wconf 95' lang='grc'>-</span> <span class='ocrx_word' id='word_1_256' title='bbox 586 3137 706 3189; x_wconf 83' lang='grc' dir='ltr'><em>παλαιῶν</em></span> <span class='ocrx_word' id='word_1_257' title='bbox 726 3154 776 3192; x_wconf 89' lang='lat' dir='ltr'><em>om.</em></span> <span class='ocrx_word' id='word_1_258' title='bbox 795 3138 831 3203; x_wconf 70' lang='lat' dir='ltr'><em>B,</em></span> <span class='ocrx_word' id='word_1_259' title='bbox 856 3139 1029 3206; x_wconf 85' lang='grc' dir='ltr'><em>λεοντάδεριν</em></span> <span class='ocrx_word' id='word_1_260' title='bbox 1048 3138 1081 3202; x_wconf 86' lang='lat' dir='ltr'><em>V,</em></span> <span class='ocrx_word' id='word_1_261' title='bbox 1100 3139 1269 3206; x_wconf 79' lang='grc' dir='ltr'><em>λεοντοδὲριν</em></span> <span class='ocrx_word' id='word_1_262' title='bbox 1289 3139 1330 3206; x_wconf 81' lang='lat' dir='ltr'><em>A;</em></span> 
     </span>
     <span class='ocr_line' id='line_1_27' title="bbox 202 3220 1325 3286; baseline 0.004 -13"><span class='ocrx_word' id='word_1_263' title='bbox 202 3220 327 3273; x_wconf 81' lang='grc' dir='ltr'><em>παλαιῶν</em></span> <span class='ocrx_word' id='word_1_264' title='bbox 353 3223 384 3274; x_wconf 79' lang='grc' dir='ltr'><em>δὲ</em></span> <span class='ocrx_word' id='word_1_265' title='bbox 407 3223 445 3286; x_wconf 92' lang='lat' dir='ltr'><em>V,</em></span> <span class='ocrx_word' id='word_1_266' title='bbox 472 3223 555 3276; x_wconf 81' lang='grc' dir='ltr'><em>αὐτὸν</em></span> <span class='ocrx_word' id='word_1_267' title='bbox 583 3225 637 3274; x_wconf 83' lang='grc' dir='ltr'><em>τῶν</em></span> <span class='ocrx_word' id='word_1_268' title='bbox 666 3223 727 3275; x_wconf 86' lang='grc' dir='ltr'><em>παλ.</em></span> <span class='ocrx_word' id='word_1_269' title='bbox 746 3223 894 3286; x_wconf 86' lang='grc' dir='ltr'><em>ὠνόμασαν</em></span> <span class='ocrx_word' id='word_1_270' title='bbox 911 3225 945 3278; x_wconf 82' lang='lat' dir='ltr'><em>A.</em></span> <span class='ocrx_word' id='word_1_271' title='bbox 975 3254 1006 3264; x_wconf 93' lang='lat'>-</span> <span class='ocrx_word' id='word_1_272' title='bbox 1036 3224 1071 3276; x_wconf 91' lang='lat'><em>10</em></span> <span class='ocrx_word' id='word_1_273' title='bbox 1092 3224 1262 3284; x_wconf 64' lang='grc' dir='ltr'><em>ποικίλαιςν.</em></span> <span class='ocrx_word' id='word_1_274' title='bbox 1294 3255 1325 3265; x_wconf 96' lang='grc'>-</span> 
     </span>
     <span class='ocr_line' id='line_1_28' title="bbox 201 3306 1330 3379; baseline 0.004 -21"><span class='ocrx_word' id='word_1_275' title='bbox 201 3306 229 3358; x_wconf 95' lang='grc'><em>11</em></span> <span class='ocrx_word' id='word_1_276' title='bbox 245 3306 374 3368; x_wconf 84' lang='grc' dir='ltr'><em>μέλαινας</em></span> <span class='ocrx_word' id='word_1_277' title='bbox 390 3307 427 3374; x_wconf 71' lang='lat' dir='ltr'><em>B,</em></span> <span class='ocrx_word' id='word_1_278' title='bbox 449 3308 560 3377; x_wconf 75' lang='grc' dir='ltr'><em>χλωροῖς</em></span> <span class='ocrx_word' id='word_1_279' title='bbox 577 3311 613 3368; x_wconf 89' lang='lat' dir='ltr'><em>A,</em></span> <span class='ocrx_word' id='word_1_280' title='bbox 640 3313 671 3359; x_wconf 82' lang='lat' dir='ltr'><em>ut</em></span> <span class='ocrx_word' id='word_1_281' title='bbox 689 3307 753 3360; x_wconf 81' lang='lat' dir='ltr'><strong>alibi</strong></span> <span class='ocrx_word' id='word_1_282' title='bbox 772 3324 878 3376; x_wconf 84' lang='lat' dir='ltr'><strong>quoque</strong></span> <span class='ocrx_word' id='word_1_283' title='bbox 900 3309 1006 3376; x_wconf 80' lang='lat' dir='ltr'><strong>scripsit</strong></span> <span class='ocrx_word' id='word_1_284' title='bbox 1024 3316 1129 3376; x_wconf 80' lang='lat' dir='ltr'>noster,</span> <span class='ocrx_word' id='word_1_285' title='bbox 1151 3309 1281 3379; x_wconf 76' lang='grc' dir='ltr'><em>γλωσράς</em></span> <span class='ocrx_word' id='word_1_286' title='bbox 1297 3310 1330 3378; x_wconf 86' lang='grc' dir='ltr'><em>Β,</em></span> 
     </span>
     <span class='ocr_line' id='line_1_29' title="bbox 198 3389 1326 3463; baseline 0.004 -22"><span class='ocrx_word' id='word_1_287' title='bbox 198 3389 318 3460; x_wconf 75' lang='grc' dir='ltr'><em>χλοεραῖς</em></span> <span class='ocrx_word' id='word_1_288' title='bbox 335 3390 367 3444; x_wconf 88' lang='lat' dir='ltr'><em>V.</em></span> <span class='ocrx_word' id='word_1_289' title='bbox 394 3422 428 3432; x_wconf 91' lang='lat'>-</span> <span class='ocrx_word' id='word_1_290' title='bbox 452 3393 480 3443; x_wconf 96' lang='grc'><em>11</em></span> <span class='ocrx_word' id='word_1_291' title='bbox 498 3391 710 3459; x_wconf 81' lang='grc' dir='ltr'><em>ὠφελιμώτατος</em></span> <span class='ocrx_word' id='word_1_292' title='bbox 729 3395 767 3458; x_wconf 89' lang='lat' dir='ltr'><em>A;</em></span> <span class='ocrx_word' id='word_1_293' title='bbox 791 3393 907 3459; x_wconf 77' lang='grc' dir='ltr'><em>ὠφελεῖν</em></span> <span class='ocrx_word' id='word_1_294' title='bbox 928 3392 945 3463; x_wconf 72' lang='grc' dir='ltr'><em>η</em></span> <span class='ocrx_word' id='word_1_295' title='bbox 963 3395 1142 3461; x_wconf 85' lang='grc' dir='ltr'><em>περιαρτύσοι</em></span> <span class='ocrx_word' id='word_1_296' title='bbox 1166 3398 1265 3446; x_wconf 83' lang='grc' dir='ltr'><em>τοῦτον</em></span> <span class='ocrx_word' id='word_1_297' title='bbox 1285 3398 1326 3447; x_wconf 85' lang='grc' dir='ltr'><em>τῶ</em></span> 
     </span>
     <span class='ocr_line' id='line_1_30' title="bbox 201 3475 1326 3550; baseline 0.004 -24"><span class='ocrx_word' id='word_1_298' title='bbox 201 3475 318 3546; x_wconf 70' lang='grc' dir='ltr'><em>δήγματι</em></span> <span class='ocrx_word' id='word_1_299' title='bbox 329 3476 360 3538; x_wconf 89' lang='grc' dir='ltr'><em>Β,</em></span> <span class='ocrx_word' id='word_1_300' title='bbox 375 3477 421 3544; x_wconf 88' lang='lat' dir='ltr'><em>qui</em></span> <span class='ocrx_word' id='word_1_301' title='bbox 433 3476 458 3527; x_wconf 75' lang='grc' dir='ltr'><em>εἰ</em></span> <span class='ocrx_word' id='word_1_302' title='bbox 468 3478 524 3544; x_wconf 89' lang='grc' dir='ltr'><em>γάρ</em></span> <span class='ocrx_word' id='word_1_303' title='bbox 537 3493 577 3535; x_wconf 88' lang='grc' dir='ltr'><em>τις</em></span> <span class='ocrx_word' id='word_1_304' title='bbox 588 3476 632 3526; x_wconf 87' lang='grc' dir='ltr'><em>καί</em></span> <span class='ocrx_word' id='word_1_305' title='bbox 645 3478 709 3546; x_wconf 82' lang='grc' dir='ltr'><em>ψοχ.</em></span> <span class='ocrx_word' id='word_1_306' title='bbox 728 3494 752 3529; x_wconf 88' lang='grc' dir='ltr'><em>τ,</em></span> <span class='ocrx_word' id='word_1_307' title='bbox 765 3495 791 3528; x_wconf 91' lang='grc' dir='ltr'><em>π.</em></span> <span class='ocrx_word' id='word_1_308' title='bbox 803 3495 828 3528; x_wconf 90' lang='grc' dir='ltr'><em>τ.</em></span> <span class='ocrx_word' id='word_1_309' title='bbox 847 3495 891 3546; x_wconf 92' lang='grc' dir='ltr'><em>τρ.</em></span> <span class='ocrx_word' id='word_1_310' title='bbox 909 3479 953 3528; x_wconf 82' lang='grc' dir='ltr'><em>καί</em></span> <span class='ocrx_word' id='word_1_311' title='bbox 971 3479 1078 3539; x_wconf 80' lang='lat' dir='ltr'><strong>omittit.</strong></span> <span class='ocrx_word' id='word_1_312' title='bbox 1100 3510 1130 3520; x_wconf 89' lang='lat'><em>-</em></span> <span class='ocrx_word' id='word_1_313' title='bbox 1149 3480 1184 3531; x_wconf 84' lang='lat'><em>12</em></span> <span class='ocrx_word' id='word_1_314' title='bbox 1203 3482 1326 3550; x_wconf 77' lang='grc' dir='ltr'><em>ψυχομα-</em></span> 
     </span>
     <span class='ocr_line' id='line_1_31' title="bbox 199 3560 1329 3634; baseline 0.007 -23"><span class='ocrx_word' id='word_1_315' title='bbox 199 3562 255 3628; x_wconf 84' lang='grc' dir='ltr'><em>γών</em></span> <span class='ocrx_word' id='word_1_316' title='bbox 279 3560 370 3626; x_wconf 81' lang='lat' dir='ltr'><strong>codd.;</strong></span> <span class='ocrx_word' id='word_1_317' title='bbox 393 3560 469 3631; x_wconf 78' lang='grc' dir='ltr'><em>τύχοι</em></span> <span class='ocrx_word' id='word_1_318' title='bbox 487 3564 519 3615; x_wconf 87' lang='lat' dir='ltr'><em>A.</em></span> <span class='ocrx_word' id='word_1_319' title='bbox 552 3591 580 3599; x_wconf 96' lang='lat'><em>—</em></span> <span class='ocrx_word' id='word_1_320' title='bbox 611 3561 645 3612; x_wconf 83' lang='grc'>13</span> <span class='ocrx_word' id='word_1_321' title='bbox 665 3562 845 3631; x_wconf 84' lang='grc' dir='ltr'><em>περιαρτήσει</em></span> <span class='ocrx_word' id='word_1_322' title='bbox 863 3564 901 3624; x_wconf 85' lang='grc' dir='ltr'><em>Α,</em></span> <span class='ocrx_word' id='word_1_323' title='bbox 928 3564 990 3630; x_wconf 79' lang='grc' dir='ltr'><em>περὶ</em></span> <span class='ocrx_word' id='word_1_324' title='bbox 1009 3565 1124 3634; x_wconf 86' lang='grc' dir='ltr'><em>ἀρτήσοι</em></span> <span class='ocrx_word' id='word_1_325' title='bbox 1144 3563 1179 3625; x_wconf 88' lang='lat' dir='ltr'><em>V;</em></span> <span class='ocrx_word' id='word_1_326' title='bbox 1200 3565 1276 3616; x_wconf 87' lang='grc' dir='ltr'><em>αὐτώ</em></span> <span class='ocrx_word' id='word_1_327' title='bbox 1295 3565 1329 3631; x_wconf 85' lang='lat' dir='ltr'><em>V,</em></span> 
     </span>
     <span class='ocr_line' id='line_1_32' title="bbox 200 3645 1330 3718; baseline 0.004 -21"><span class='ocrx_word' id='word_1_328' title='bbox 200 3645 286 3697; x_wconf 85' lang='grc' dir='ltr'><em>αδτόν</em></span> <span class='ocrx_word' id='word_1_329' title='bbox 310 3647 350 3710; x_wconf 83' lang='grc' dir='ltr'><em>Α;</em></span> <span class='ocrx_word' id='word_1_330' title='bbox 378 3646 421 3696; x_wconf 83' lang='grc' dir='ltr'><em>καί</em></span> <span class='ocrx_word' id='word_1_331' title='bbox 443 3662 494 3699; x_wconf 88' lang='lat' dir='ltr'><em>om.</em></span> <span class='ocrx_word' id='word_1_332' title='bbox 518 3648 556 3712; x_wconf 90' lang='lat' dir='ltr'><em>A;</em></span> <span class='ocrx_word' id='word_1_333' title='bbox 589 3646 749 3698; x_wconf 80' lang='grc' dir='ltr'><em>ἐπιπλάσσοι</em></span> <span class='ocrx_word' id='word_1_334' title='bbox 773 3648 805 3714; x_wconf 88' lang='lat' dir='ltr'><em>V,</em></span> <span class='ocrx_word' id='word_1_335' title='bbox 829 3648 988 3701; x_wconf 82' lang='grc' dir='ltr'><em>ἐπιπλάσσει</em></span> <span class='ocrx_word' id='word_1_336' title='bbox 1006 3651 1038 3702; x_wconf 88' lang='grc' dir='ltr'><em>Α.</em></span> <span class='ocrx_word' id='word_1_337' title='bbox 1075 3649 1106 3701; x_wconf 89' lang='lat' dir='ltr'><em>ln</em></span> <span class='ocrx_word' id='word_1_338' title='bbox 1131 3648 1235 3717; x_wconf 80' lang='grc' dir='ltr'><em>Βπερί</em></span> <span class='ocrx_word' id='word_1_339' title='bbox 1254 3649 1330 3718; x_wconf 73' lang='grc' dir='ltr'><em>αὐτῷ</em></span> 
     </span>
     <span class='ocr_line' id='line_1_33' title="bbox 200 3729 1329 3802; baseline 0.004 -21"><span class='ocrx_word' id='word_1_340' title='bbox 200 3761 234 3770; x_wconf 93' lang='grc'>-</span> <span class='ocrx_word' id='word_1_341' title='bbox 247 3729 386 3794; x_wconf 83' lang='grc' dir='ltr'><em>κάμνοντα</em></span> <span class='ocrx_word' id='word_1_342' title='bbox 399 3731 482 3784; x_wconf 78' lang='lat' dir='ltr'>deest.</span> <span class='ocrx_word' id='word_1_343' title='bbox 494 3763 527 3771; x_wconf 87' lang='lat'>-</span> <span class='ocrx_word' id='word_1_344' title='bbox 540 3731 576 3782; x_wconf 86' lang='lat'><em>14</em></span> <span class='ocrx_word' id='word_1_345' title='bbox 595 3731 777 3800; x_wconf 84' lang='grc' dir='ltr'><em>ἀπομαραίνει</em></span> <span class='ocrx_word' id='word_1_346' title='bbox 793 3732 837 3783; x_wconf 86' lang='grc' dir='ltr'><em>καί</em></span> <span class='ocrx_word' id='word_1_347' title='bbox 849 3732 930 3792; x_wconf 74' lang='grc' dir='ltr'><em>σώζει</em></span> <span class='ocrx_word' id='word_1_348' title='bbox 943 3735 975 3801; x_wconf 89' lang='lat' dir='ltr'><em>A,</em></span> <span class='ocrx_word' id='word_1_349' title='bbox 988 3734 1040 3785; x_wconf 88' lang='grc' dir='ltr'><em>ἀπὸ</em></span> <span class='ocrx_word' id='word_1_350' title='bbox 1053 3735 1165 3802; x_wconf 84' lang='grc' dir='ltr'><em>μαράνη</em></span> <span class='ocrx_word' id='word_1_351' title='bbox 1184 3733 1226 3785; x_wconf 85' lang='grc' dir='ltr'><em>καί</em></span> <span class='ocrx_word' id='word_1_352' title='bbox 1245 3733 1329 3785; x_wconf 92' lang='grc' dir='ltr'><em>σώσει</em></span> 
     </span>
     <span class='ocr_line' id='line_1_34' title="bbox 201 3815 1328 3890; baseline 0.001 -21"><span class='ocrx_word' id='word_1_353' title='bbox 201 3816 233 3869; x_wconf 88' lang='lat' dir='ltr'><em>V.</em></span> <span class='ocrx_word' id='word_1_354' title='bbox 246 3817 322 3868; x_wconf 77' lang='grc'>-16</span> <span class='ocrx_word' id='word_1_355' title='bbox 337 3815 377 3867; x_wconf 80' lang='grc' dir='ltr'><em>ἔτι</em></span> <span class='ocrx_word' id='word_1_356' title='bbox 390 3816 419 3866; x_wconf 76' lang='grc' dir='ltr'><em>δὲ</em></span> <span class='ocrx_word' id='word_1_357' title='bbox 431 3815 466 3880; x_wconf 90' lang='grc' dir='ltr'><em>Β;</em></span> <span class='ocrx_word' id='word_1_358' title='bbox 485 3816 529 3866; x_wconf 87' lang='grc' dir='ltr'><em>καὶ</em></span> <span class='ocrx_word' id='word_1_359' title='bbox 541 3832 589 3870; x_wconf 88' lang='lat' dir='ltr'><em>om.</em></span> <span class='ocrx_word' id='word_1_360' title='bbox 604 3818 641 3882; x_wconf 87' lang='lat' dir='ltr'><em>A;</em></span> <span class='ocrx_word' id='word_1_361' title='bbox 654 3816 785 3885; x_wconf 82' lang='grc' dir='ltr'><em>ἐρωτικόν</em></span> <span class='ocrx_word' id='word_1_362' title='bbox 801 3817 839 3883; x_wconf 83' lang='grc' dir='ltr'><em>Α;</em></span> <span class='ocrx_word' id='word_1_363' title='bbox 852 3818 956 3872; x_wconf 79' lang='grc' dir='ltr'><em>καίοιυ.</em></span> <span class='ocrx_word' id='word_1_364' title='bbox 969 3821 1001 3873; x_wconf 90' lang='lat' dir='ltr'><em>A.</em></span> <span class='ocrx_word' id='word_1_365' title='bbox 1016 3820 1145 3871; x_wconf 79' lang='grc'>-1516</span> <span class='ocrx_word' id='word_1_366' title='bbox 1159 3819 1201 3871; x_wconf 85' lang='grc' dir='ltr'><em>καί</em></span> <span class='ocrx_word' id='word_1_367' title='bbox 1212 3824 1246 3887; x_wconf 86' lang='grc' dir='ltr'><em>τῆ</em></span> <span class='ocrx_word' id='word_1_368' title='bbox 1258 3819 1328 3890; x_wconf 75' lang='grc' dir='ltr'><em>δῆλα</em></span> 
     </span>
     <span class='ocr_line' id='line_1_35' title="bbox 200 3901 1330 3974; baseline 0.004 -19"><span class='ocrx_word' id='word_1_369' title='bbox 200 3901 383 3971; x_wconf 76' lang='grc' dir='ltr'><em>δπιδυμητοάς</em></span> <span class='ocrx_word' id='word_1_370' title='bbox 400 3902 430 3956; x_wconf 90' lang='grc' dir='ltr'><em>Β.</em></span> <span class='ocrx_word' id='word_1_371' title='bbox 449 3932 482 3942; x_wconf 90' lang='grc'><strong>-</strong></span> <span class='ocrx_word' id='word_1_372' title='bbox 500 3905 534 3954; x_wconf 88' lang='grc'><em>16</em></span> <span class='ocrx_word' id='word_1_373' title='bbox 554 3904 616 3972; x_wconf 80' lang='grc' dir='ltr'><em>περὶ</em></span> <span class='ocrx_word' id='word_1_374' title='bbox 635 3902 771 3967; x_wconf 87' lang='grc' dir='ltr'><em>σπόμενος</em></span> <span class='ocrx_word' id='word_1_375' title='bbox 788 3903 820 3956; x_wconf 89' lang='lat' dir='ltr'><em>V.</em></span> <span class='ocrx_word' id='word_1_376' title='bbox 839 3936 873 3945; x_wconf 95' lang='lat'>-</span> <span class='ocrx_word' id='word_1_377' title='bbox 894 3906 929 3957; x_wconf 81' lang='grc'>17</span> <span class='ocrx_word' id='word_1_378' title='bbox 947 3905 991 3957; x_wconf 88' lang='grc' dir='ltr'><em>καί</em></span> <span class='ocrx_word' id='word_1_379' title='bbox 1009 3905 1104 3974; x_wconf 69' lang='grc' dir='ltr'><em>θέλγει</em></span> <span class='ocrx_word' id='word_1_380' title='bbox 1122 3906 1232 3966; x_wconf 86' lang='grc' dir='ltr'><em>πάντως</em></span> <span class='ocrx_word' id='word_1_381' title='bbox 1250 3907 1283 3960; x_wconf 82' lang='lat' dir='ltr'><em>A.</em></span> <span class='ocrx_word' id='word_1_382' title='bbox 1295 3935 1330 3946; x_wconf 93' lang='lat'>-</span> 
     </span>
     <span class='ocr_line' id='line_1_36' title="bbox 200 3986 1330 4060; baseline 0.004 -22"><span class='ocrx_word' id='word_1_383' title='bbox 200 3987 235 4039; x_wconf 89' lang='grc'><em>18</em></span> <span class='ocrx_word' id='word_1_384' title='bbox 253 3989 338 4038; x_wconf 81' lang='grc' dir='ltr'><em>ποιεῖν</em></span> <span class='ocrx_word' id='word_1_385' title='bbox 352 3986 384 4055; x_wconf 88' lang='lat' dir='ltr'><em>V,</em></span> <span class='ocrx_word' id='word_1_386' title='bbox 397 3988 442 4041; x_wconf 81' lang='lat' dir='ltr'><em>vix</em></span> <span class='ocrx_word' id='word_1_387' title='bbox 454 3987 528 4042; x_wconf 81' lang='lat' dir='ltr'>bene.</span> <span class='ocrx_word' id='word_1_388' title='bbox 542 3990 676 4046; x_wconf 83' lang='lat'><strong>-18.19</strong></span> <span class='ocrx_word' id='word_1_389' title='bbox 690 3990 867 4058; x_wconf 73' lang='grc' dir='ltr'><em>εὑρίσκεσθαι</em></span> <span class='ocrx_word' id='word_1_390' title='bbox 879 3991 911 4044; x_wconf 81' lang='lat' dir='ltr'><em>V.</em></span> <span class='ocrx_word' id='word_1_391' title='bbox 926 4021 958 4032; x_wconf 85' lang='lat'>-</span> <span class='ocrx_word' id='word_1_392' title='bbox 970 3992 1004 4042; x_wconf 86' lang='grc'>19</span> <span class='ocrx_word' id='word_1_393' title='bbox 1021 4008 1103 4060; x_wconf 80' lang='grc' dir='ltr'><em>χρησ.</em></span> <span class='ocrx_word' id='word_1_394' title='bbox 1123 3991 1224 4054; x_wconf 73' lang='grc' dir='ltr'><em>ὁμοίως</em></span> <span class='ocrx_word' id='word_1_395' title='bbox 1237 3993 1267 4044; x_wconf 71' lang='grc' dir='ltr'><em>δὲ</em></span> <span class='ocrx_word' id='word_1_396' title='bbox 1285 3990 1330 4042; x_wconf 82' lang='grc' dir='ltr'><em>καί</em></span> 
     </span>
     <span class='ocr_line' id='line_1_37' title="bbox 127 4072 1329 4147; baseline 0.006 -26"><span class='ocrx_word' id='word_1_397' title='bbox 127 4113 133 4121; x_wconf 86' lang='grc'><strong>.</strong></span> <span class='ocrx_word' id='word_1_398' title='bbox 200 4072 270 4138; x_wconf 81' lang='grc' dir='ltr'><em>πρὸς</em></span> <span class='ocrx_word' id='word_1_399' title='bbox 288 4090 358 4141; x_wconf 85' lang='grc' dir='ltr'><em>τριτ.</em></span> <span class='ocrx_word' id='word_1_400' title='bbox 376 4072 406 4125; x_wconf 87' lang='grc' dir='ltr'><em>Β.</em></span> <span class='ocrx_word' id='word_1_401' title='bbox 427 4105 458 4114; x_wconf 96' lang='grc'>-</span> <span class='ocrx_word' id='word_1_402' title='bbox 480 4075 521 4126; x_wconf 83' lang='grc'><em>20</em></span> <span class='ocrx_word' id='word_1_403' title='bbox 539 4077 663 4128; x_wconf 85' lang='grc' dir='ltr'><em>τοιοῦτον</em></span> <span class='ocrx_word' id='word_1_404' title='bbox 682 4076 794 4129; x_wconf 88' lang='grc' dir='ltr'><strong>ΑΒ.-</strong></span> <span class='ocrx_word' id='word_1_405' title='bbox 813 4078 847 4127; x_wconf 81' lang='lat'><em>21</em></span> <span class='ocrx_word' id='word_1_406' title='bbox 864 4077 893 4127; x_wconf 80' lang='grc' dir='ltr'><em>ἐν</em></span> <span class='ocrx_word' id='word_1_407' title='bbox 912 4076 994 4143; x_wconf 78' lang='grc' dir='ltr'><em>ἑψομ.</em></span> <span class='ocrx_word' id='word_1_408' title='bbox 1012 4075 1044 4129; x_wconf 83' lang='lat' dir='ltr'><em>V.</em></span> <span class='ocrx_word' id='word_1_409' title='bbox 1082 4077 1114 4130; x_wconf 87' lang='lat' dir='ltr'><em>In</em></span> <span class='ocrx_word' id='word_1_410' title='bbox 1132 4077 1154 4131; x_wconf 91' lang='lat' dir='ltr'><strong>B</strong></span> <span class='ocrx_word' id='word_1_411' title='bbox 1172 4084 1234 4147; x_wconf 87' lang='lat' dir='ltr'><strong>post</strong></span> <span class='ocrx_word' id='word_1_412' title='bbox 1252 4093 1329 4145; x_wconf 80' lang='grc' dir='ltr'><em>νοση·</em></span> 
     </span>
    </p>
   </div>
   <div class='ocr_carea' id='block_1_6' title="bbox 0 0 1438 4620">
    <p class='ocr_par' dir='ltr' id='par_1_6' title="bbox 0 0 1438 4620">
     <span class='ocr_line' id='line_1_38' title="bbox 0 0 1438 4620; baseline 0 0"><span class='ocrx_word' id='word_1_413' title='bbox 0 0 1438 4620; x_wconf 95' lang='lat' dir='ltr'><em> </em></span> 
     </span>
    </p>
   </div>
  </div>
 </body>
</html>
