2866 4620
580 313 810 376 -177-

133 504 317 585 procreent,
340 497 560 583 circumligant
582 543 767 563 ........
797 494 881 576 regis
903 493 1084 559 concubinis
1106 492 1192 556 hunc
1211 492 1257 557 la·

135 601 253 685 pidem,
276 607 313 664 ut
334 621 393 664 nec
414 598 597 682 concipiant
617 618 675 663 nec
689 596 833 680 pariant3
856 602 981 661 tantum
996 595 1173 661 remedium
1196 600 1257 660 sle

134 702 264 766 rilitatis
286 705 404 765 natura
432 701 542 783 genuit
569 700 653 764 hunc
679 698 831 782 lapidem.
877 699 961 764 Cave
984 704 1101 778 autem,
1124 718 1164 762 ne
1185 717 1257 781 gra·

134 803 227 867 vidae
242 823 312 867 eum
336 801 564 884 circumligent,
590 801 675 884 cogit
689 800 773 866 enim
790 821 862 866 eam
875 806 1121 884 praeposterum
1143 799 1257 865 eiicere

133 904 297 969 infantem.
1275 912 1292 960 s

460 1122 563 1188 XVII.
597 1122 722 1205 Lapis
748 1122 931 1188 Achates.

221 1277 359 1342 Achates
382 1297 456 1342 vero
478 1275 562 1359 lapis
584 1276 744 1359 potentias
768 1274 866 1341 habet
888 1276 1037 1358 optimas,
1061 1278 1119 1342 sed
1140 1278 1194 1360 qui
1216 1278 1258 1342 si·

134 1380 240 1444 milem
262 1379 362 1444 habel
383 1378 520 1444 colorem
552 1378 629 1462 pelli
656 1377 770 1456 leonis,
798 1377 884 1441 valet
905 1376 949 1441 ad
971 1378 1146 1459 scorpionis
1170 1399 1257 1444 mor·

134 1503 203 1562 sus;
233 1480 381 1564 alligatus
403 1481 486 1546 enim
510 1480 560 1546 vel
581 1479 714 1544 illinitus
737 1499 809 1544 cum
830 1499 916 1562 aqua
931 1479 1041 1544 statim
1062 1480 1148 1546 tollit
1169 1482 1258 1549 dolo·

133 1605 217 1663 rem3
246 1584 342 1648 tritus
363 1590 396 1648 et
417 1581 599 1647 vulneribus
629 1601 779 1664 aspersus
802 1581 852 1647 vel
874 1583 906 1646 in
928 1583 1058 1664 potione
1082 1605 1155 1648 cum
1182 1586 1307 1652 vin010

136 1685 241 1762 datus,
264 1685 446 1767 viperarum
468 1688 561 1748 sanat
576 1703 711 1747 morsus.
748 1681 898 1748 Portatus
918 1688 1025 1749 aulem
1046 1685 1080 1748 in
1100 1689 1258 1751 tutamen-

134 1792 202 1850 tum
226 1787 297 1862 erit,
320 1793 354 1851 et
375 1784 547 1850 facundum
569 1789 601 1849 el
621 1789 786 1867 potentem
810 1789 842 1849 et
863 1790 990 1867 gratum
1013 1791 1046 1851 et
1068 1788 1256 1854 suadentem

134 1888 211 1953 lacit
233 1909 305 1952 eum
327 1889 383 1971 qui
404 1892 530 1969 portat,
562 1887 619 1951 sed
646 1894 680 1952 et
707 1887 887 1962 robustum3
917 1893 950 1953 ec
977 1888 1117 1955 colorem
1138 1890 1257 1956 bonum

133 1991 214 2055 facit
235 1997 270 2056 et
291 1989 334 2054 ad
357 1989 451 2054 deum
474 1993 507 2053 et
529 1988 572 2052 ad
594 1989 738 2053 homines
760 1989 942 2055 amabilem.

202 2186 225 2236 4
236 2189 440 2253 praeposterum
451 2183 547 2251 ilinc,
558 2198 608 2251 per
619 2190 734 2238 rostmm
746 2202 767 2248 ο,
782 2183 871 2253 quod
883 2199 939 2238 om.
955 2203 989 2252 ρ;
1010 2216 1039 2226 -
1061 2186 1080 2238 6
1093 2192 1121 2239 et
1134 2187 1152 2239 7
1171 2187 1258 2242 Acha-

135 2279 189 2348 τουΙ
199 2287 221 2324 c.
236 2301 266 2312 -·
280 2271 323 2324 Ex
341 2270 519 2340 Damigerone
538 2284 635 2336 graeco
648 2277 755 2337 sumpta
772 2276 835 2324 sunt
853 2287 923 2340 quae
940 2272 968 2326 in
985 2272 1075 2327 libello
1095 2269 1260 2342 Σωκράτους

134 2356 177 2407 καὶ
196 2356 338 2408 Διονυσίου
362 2355 427 2424 περὶ
443 2354 526 2407 λίθων
552 2354 640 2408 adhuc
658 2354 760 2409 inedito
773 2355 901 2423 leguntur
918 2357 964 2412 fol.
982 2362 1042 2426 216,
1060 2359 1076 2412 b
1095 2358 1194 2413 codicis
1206 2356 1258 2412 Va·

134 2442 217 2495 ticeni
237 2440 328 2509 graeci
346 2456 385 2494 nr.
404 2441 468 2495 file:
492 2439 575 2499 Λίθυς
597 2440 712 2510 ἀχάτης·
732 2441 758 2491 oi
776 2441 875 2511 όγάται
891 2443 1022 2510 μεγίστας
1039 2443 1167 2507 δυνάμεις
1184 2443 1258 2514 ἔχου-

135 2544 191 2579 σιν·
210 2525 263 2577 slei
275 2525 305 2576 δὲ
323 2525 419 2594 λρμυῦ.
430 2553 465 2564 --
477 2525 492 2575 ό
505 2522 535 2574 δὲ
547 2523 683 2594 ὁμόχρους
695 2524 807 2584 λέοντος
823 2525 893 2594 όορὰ
905 2526 999 2596 λαγόυι.
1018 2527 1089 2594 πρὸς
1099 2528 1165 2588 τοὺς
1176 2544 1257 2597 σκυρ-

134 2612 294 2679 πιυόήκτυυς
318 2610 483 2676 προστεθεὶς
509 2609 580 2676 (lege
603 2610 791 2677 προσδεθεὶς).
816 2611 976 2679 ῆλειωθελς
993 2612 1036 2663 παλ
1057 2613 1259 2684 παραγρισθελς

133 2695 294 2756 μεθύθατυς.
313 2694 407 2746 αὐτίκα
423 2693 479 2762 γὰρ
497 2691 600 2746 ἄπονον
619 2698 689 2746 ποιεῖ
704 2694 751 2747 τὸν
771 2696 914 2765 πληγέντα,
933 2694 1048 2758 εόθετυς
1060 2698 1090 2749 δὲ
1102 2698 1145 2749 καλ
1157 2698 1186 2750 ἐν
1200 2702 1259 2759 τοῖς

135 2778 302 2849 ἐγιοθνριτυις
325 2777 428 2846 τριβεὲς
450 2778 494 2828 νιαλ
517 2778 675 2838 ἐπιποαθελς
696 2781 737 2831 τῶ
764 2779 880 2848 δήγματι
903 2780 982 2849 linai
1004 2782 1074 2844 μετὰ
1092 2780 1166 2836 οἴνου
1184 2800 1258 2835 ποτι-

134 2864 220 2922 οθείς.
239 2863 412 2930 φορούμενος
429 2862 459 2914 δὲ
477 2863 507 2913 λυ
526 2867 568 2933 τῷ
586 2863 718 2916 δακτυλίω
730 2868 804 2916 ποιεῖ
820 2871 867 2916 τόν
888 2869 1030 2932 φοροῦντα
1048 2866 1257 2936 εὐπροσήγορον

134 2949 178 3000 καλ
196 2949 321 3013 εόόμιλον
340 2948 384 2999 καὶ
401 2948 525 3016 εὐπειθῆ.
549 2949 593 2999 καὶ
614 2949 727 3000 δυνατὸν
751 2948 796 3001 καλ
820 2949 850 3000 ἐν
869 2951 949 3002 πᾶσιν
968 2951 1033 3017 περὶ
1047 2956 1131 3023 χαρῆ,
1152 2949 1258 3019 εόρριυ-

133 3051 194 3087 οταν
213 3051 245 3086 τε
262 3034 306 3085 καλ
325 3031 453 3104 εόχρυυν.
476 3033 594 3085 τελεῖται
617 3032 647 3084 δὲ
670 3030 766 3092 οότυνς.
791 3033 884 3099 λαβὼν
908 3034 1026 3106 βελόνην
1041 3035 1145 3106 γαλεὸν
1163 3035 1258 3105 γράφε

133 3117 162 3168 lv
182 3119 257 3170 αὐτῶ
278 3117 312 3170 τὸ
330 3117 415 3180 ὄνομα
432 3120 528 3170 τοῦτο·
548 3117 631 3186 λαγὼ·
650 3118 694 3169 καλ
712 3117 816 3177 ὑπόθες
834 3119 872 3178 cle
883 3118 932 3171 τ’ὸν
946 3121 1086 3172 δακτύλιον
1106 3121 1151 3171 τὸν
1165 3120 1258 3171 λίθον·

133 3203 178 3253 καὶ
200 3201 357 3260 ἐντυπώσας
373 3202 462 3270 φόρει.
485 3200 567 3261 οὗτος
589 3200 619 3252 δὲ
643 3200 814 3269 όλυκότρινυς.
851 3193 926 3257 idem
944 3210 986 3256 eet
1003 3203 1072 3271 lapis
1089 3204 1206 3272 agapis
1224 3203 1258 3258 de

133 3301 186 3353 quo
205 3284 265 3338 vide
284 3285 452 3339 vincentium
469 3284 688 3339 Bellovacensem
708 3285 724 3338 l.
743 3287 759 3339 l.
779 3301 838 3354 cap.
856 3286 944 3350 XLII,
962 3287 1007 3340 ubi
1026 3302 1060 3341 ex
1078 3287 1258 3355 Damigeroue

133 3371 216 3424 latino
236 3370 317 3423 haec:
342 3368 544 3437 »Dyascorides
567 3369 671 3437 Agspis
694 3371 831 3437 potentias
848 3370 931 3424 habet
954 3371 1098 3426 maximas:
1122 3372 1169 3440 qui
1187 3371 1258 3427 colo·

132 3471 189 3510 rem
207 3455 272 3523 pelli
293 3454 377 3508 leonis
394 3453 477 3506 habet
495 3452 615 3510 similem.
634 3452 669 3507 ad
680 3467 797 3507 morsum
815 3454 963 3521 scorpionis
975 3454 1047 3508 valet
1064 3460 1109 3510 etc
1110 3496 1199 3510 .....
1211 3455 1257 3511 do·

132 3540 216 3595 lorem
234 3538 313 3593 tollit.
332 3539 412 3590 tutus
429 3542 458 3589 el
474 3536 547 3590 vuln.
559 3551 616 3604 asp.
629 3552 653 3589 v.
671 3537 699 3590 iu
716 3545 772 3605 poc
790 3552 850 3590 cum
866 3554 890 3590 v.
908 3536 933 3591 d.
951 3539 1004 3606 rip.
1018 3554 1074 3593 san.
1085 3554 1178 3594 mors:
1196 3555 1257 3608 por-

132 3632 205 3679 tatus
223 3637 330 3692 quoque
344 3620 487 3676 facundum
506 3627 534 3674 et
552 3620 692 3674 amabilem
709 3628 815 3689 gratum
828 3637 861 3676 ac
872 3628 1008 3690 potentem
1020 3624 1111 3692 lacit«,
1129 3624 1174 3678 ubi
1187 3640 1257 3694 quae

133 3725 192 3764 cum
210 3709 388 3774 Damigerone
408 3720 504 3774 graeco
531 3706 701 3759 consentiunt
724 3706 767 3759 rel
788 3713 883 3761 contra
902 3707 1001 3761 clibri
1023 3709 1211 3764 auctoritatem
1228 3710 1257 3764 in

132 3801 236 3848 textum
254 3792 355 3846 induxi.
370 3821 399 3831 -
414 3791 433 3842 7
448 3791 504 3859 qui]
524 3807 605 3859 quum
623 3808 654 3858 p;
668 3820 697 3831 -
711 3791 733 3842 8
751 3792 840 3846 colore
851 3791 923 3860 pelle
934 3811 961 3855 cr
980 3822 1012 3834 -
1027 3794 1086 3847 8.9
1099 3809 1216 3850 morsum
1224 3814 1257 3864 μς

133 3880 258 3932 -0.10
275 3885 338 3947 post
360 3877 507 3932 dolorem
531 3877 622 3944 pergit
645 3893 697 3942 cp:
725 3882 758 3929 et
781 3876 979 3944 viperarum
1002 3893 1132 3933 morsus
1155 3888 1257 3936 curat

131 3964 237 4018 tritus
254 3979 366 4017 rerum
387 3976 489 4029 supra
506 3960 649 4015 vulnera
668 3974 811 4029 sparsus
824 3960 969 4015 ecdatus
985 3961 1256 4030 inpotionecum

130 4047 208 4102 vino
231 4055 343 4116 sanat,
366 4047 413 4100 ubi
431 4054 530 4101 curat
549 4075 579 4086 —
599 4060 740 4114 sparsus
763 4045 791 4099 in
815 4061 898 4116 marg.
919 4047 1021 4115 scripta
1041 4056 1103 4104 sunt
1120 4050 1148 4104 in
1165 4068 1186 4102 ο.

182 4144 265 4191 noer,
279 4143 362 4193 omues
375 4141 470 4183 arturo.
1021 4135 1053 4186 12
