2866 4620
620 335 832 399 -73..

162 517 195 587 V,
214 519 291 589 ἱερόν
309 520 363 573 ium
380 519 415 571 il.
426 549 460 558 -
473 518 536 570 οὐδέ
553 521 619 570 τοτ’
638 519 713 590 αὐτῷ
731 519 807 574 codd.
821 525 849 573 et
866 519 926 574 edd.
938 535 1038 589 omnes,
1057 521 1104 575 eod
1123 522 1184 590 lege
1198 523 1285 577 Wielii

161 611 252 659 notam
271 610 306 672 (p.
325 608 384 672 26);
412 603 534 657 »silentio
558 605 708 671 praeterite
731 605 792 659 nolo
818 605 960 659 locutionis
984 621 1068 674 genus
1092 623 1175 674 quum
1198 623 1284 661 rarum

161 694 276 759 omnino,
294 698 352 745 tum
370 692 397 744 in
416 691 493 758 epioa
511 690 594 758 poesi,
618 697 747 758 quantum
762 691 888 759 ‘equidem
911 691 1055 744 observare
1073 693 1159 759 potui,
1178 707 1285 761 prorsus

161 778 304 845 singulare,
323 793 386 844 quo,
405 776 528 843 genetivo
549 791 627 843 quem
640 781 749 828 rexerat
767 775 862 829 relicto
881 794 921 835 τις
938 776 981 828 vel
998 775 1083 828 simile
1103 776 1168 844 quid
1187 777 1285 831 deside·

160 869 243 916 ratur.
274 861 353 928 Quod
371 876 533 928 quamquam
552 860 605 913 leni
624 861 778 913 coniectura
797 860 861 911 οὐδέ
873 877 914 920 τις
929 859 985 913 siue
997 860 1151 912 κατέναντά
1168 879 1210 922 τις
1227 863 1284 916 sori·

160 948 246 1002 bendo
265 946 396 1000 removeri
414 953 513 1013 potest,
533 951 623 998 tamen
640 961 748 998 manum
766 945 903 998 continere
921 943 1010 1009 malui,
1031 960 1113 1012 quum
1131 946 1205 1013 apud
1219 947 1284 1000 Atti-

160 1051 205 1090 cos
229 1033 336 1103 quidem
363 1034 431 1086 baec
456 1031 543 1099 figura
565 1031 707 1099 aliquoties
730 1031 888 1096 reperiatur.
934 1028 1067 1097 Exempla
1090 1030 1205 1085 collecta
1227 1031 1283 1086 vide

160 1120 232 1188 apud
251 1120 379 1187 Vigerum
396 1134 422 1185 p.
445 1122 500 1181 149,
523 1121 561 1172 10.
598 1116 692 1183 Neque
717 1114 843 1168 dissimile
869 1120 924 1175 est,
949 1113 1021 1182 quod
1043 1114 1071 1168 in
1095 1115 1146 1168 boc
1169 1117 1283 1170 oarmIna

160 1205 259 1274 legitur
275 1222 300 1258 v.
319 1208 370 1257 664
394 1202 487 1272 [vulg]
512 1201 598 1265 μέλιτι
615 1200 741 1269 γλυκερῷ
761 1200 854 1258 ἀιάνας
872 1199 902 1249 ἐκ
919 1197 1070 1267 βλεφάρων
1095 1195 1156 1266 ἀγει
1181 1200 1283 1268 νόσοντ,

159 1306 237 1359 quem
262 1291 349 1343 locum
371 1296 527 1355 corruptum
550 1301 608 1339 esse
634 1286 704 1338 iufra
727 1284 855 1352 probabo.
890 1283 950 1352 Ego
974 1290 1037 1352 post
1061 1300 1084 1336 v.
1105 1289 1157 1340 435
1181 1303 1282 1341 versum

158 1375 289 1428 excidisse
307 1374 397 1439 statuI,
416 1375 443 1424 in
462 1387 514 1439 quo
533 1370 567 1424 de
585 1369 754 1436 serpentibus
777 1368 882 1421 locutus
901 1368 936 1421 sit
953 1375 1042 1435 poeta.
1076 1367 1103 1421 Si
1117 1368 1207 1423 Wielii
1226 1388 1282 1426 oon-

157 1461 286 1514 ieoturam
300 1477 340 1517 τις
353 1458 494 1524 reciperes,
513 1456 599 1523 primo
619 1454 714 1507 obtutu
734 1453 767 1507 de
785 1453 892 1506 homInc
915 1454 1014 1521 aliquo,
1033 1470 1085 1506 non
1104 1452 1137 1506 de
1157 1456 1283 1524 serpenti·

158 1545 207 1597 bus
220 1550 313 1596 auctor
326 1542 399 1610 loqui
411 1541 496 1594 videri
508 1546 606 1608 posset.
623 1570 658 1578 -
675 1539 737 1591 κατ’
751 1539 843 1590 ἀντίον
857 1538 888 1599 Β,
907 1542 970 1590 κατ’
990 1538 1113 1590 ἐναντίον
1126 1540 1225 1608 Pal.V;
1243 1559 1282 1593 πε·

157 1628 263 1697 ρικαλέί
278 1628 379 1692 BPal.;
402 1626 578 1695 φέρτεροςΡ
603 1632 665 1678 ante
690 1641 757 1679 corr.
780 1656 815 1664 -
844 1625 909 1676 437
930 1624 1024 1695 αῖχμῆ·
1044 1627 1094 1695 τὴν
1116 1626 1154 1693 Μ,
1174 1631 1202 1678 et
1219 1627 1282 1681 Pin

157 1719 242 1774 textu,
262 1712 382 1782 αἰχμητῇ
400 1714 448 1779 τὴν
465 1711 590 1771 Bpolv,
608 1712 725 1781 αἰχμητῇ
743 1715 806 1775 (om.
819 1709 915 1779 τήν)Ρ
935 1710 962 1762 in
974 1725 1067 1777 marg,
1085 1710 1148 1777 uif3
1166 1711 1282 1783 αἰχμητῇ

157 1797 248 1864 Steph.
268 1806 295 1849 et
312 1797 369 1849 rell.
388 1795 447 1848 edd.
466 1801 528 1848 ante
546 1795 645 1855 Herm,
664 1796 709 1863 qui
728 1795 870 1862 Tyrwbitti
895 1795 1076 1848 coniecturam
1094 1796 1229 1865 αἰχμητὴς
1245 1810 1282 1849 re·

156 1883 235 1950 cepit.
248 1913 281 1922 —
297 1881 515 1948 Menalippus
535 1879 666 1934 Eschenb.
684 1879 712 1932 in
724 1879 853 1932 versione.
870 1910 899 1918 -
916 1878 991 1941 ἐμοῖο
1003 1879 1032 1931 Β.
1046 1909 1078 1919 -
1091 1880 1157 1931 438
1177 1879 1282 1950 ἀμώμη-

155 1987 201 2028 τος
224 1968 267 2019 καὶ
290 1966 362 2018 εἴδεϊ
380 1968 484 2035 καρπὸς
508 1968 607 2035 ἀρείων
634 1965 709 2019 codd.
728 1965 805 2031 (εἴδει
822 1965 865 2024 Ml
890 1971 918 2016 et
942 1964 1001 2017 edd.
1021 1971 1083 2016 ante
1103 1964 1212 2032 Herm,
1235 1966 1282 2020 nisi

155 2052 226 2122 quod
244 2053 347 2122 κάρτος
365 2053 424 2106 edd.
442 2052 503 2105 inde
522 2051 555 2104 ab
569 2050 780 2104 Esobenbeobio.
793 2050 827 2103 V.
840 2049 1014 2103 Slotbouwer
1031 2049 1058 2101 in
1070 2050 1128 2102 Aet.
1142 2050 1202 2105 Soc.
1214 2051 1281 2106 Trai

154 2139 205 2193 vol.
224 2139 265 2190 III
288 2154 314 2205 p.
336 2141 384 2190 160
410 2137 454 2188 καὶ
480 2136 583 2205 κάρτος
610 2137 627 2204 ἢ
655 2134 726 2194 εἶδος
753 2134 853 2204 ἀρείων
881 2134 1017 2198 (robore
1045 2149 1139 2201 quam
1169 2136 1281 2203 specie

154 2221 540 2290 praestantiorloonieoit,
559 2224 673 2287 pessime
689 2220 776 2272 iudice
795 2220 960 2282 Hermanno,
978 2219 1024 2287 qui
1042 2218 1101 2287 ipse
1120 2218 1194 2280 εἶδος
1213 2221 1280 2282 ἀμώ-

153 2324 239 2377 μητον
258 2306 302 2357 καὶ
320 2308 366 2358 ἐπ’
386 2303 458 2357 είάεϊ
476 2306 579 2373 κάρτος
602 2302 693 2373 ἄρειον
717 2305 783 2370 (scil.
802 2305 925 2372 ποθέων)
951 2305 1036 2359 edidit
1059 2305 1117 2360 coll
1138 2305 1188 2360 Od.
1205 2305 1281 2361 XVII

153 2395 204 2445 308
222 2392 306 2461 ταχὺς
323 2390 388 2442 έσκε
407 2393 483 2443 θέειν
503 2391 546 2443 ἐπὶ
564 2389 634 2442 εἴδεϊ
648 2392 728 2460 τῷδε,
746 2397 774 2444 et
786 2395 838 2444 454
855 2391 902 2442 οὐκ
922 2389 979 2460 ἀρα
998 2393 1071 2460 σοίγ’
1092 2391 1136 2443 ἐπὶ
1155 2391 1227 2447 εἴάεί·
1239 2393 1280 2446 καί

153 2478 256 2546 φρένες
272 2476 351 2546 ἦσαν.
388 2472 498 2545 Ιίάρτος
522 2474 617 2546 ἀρειον
644 2477 725 2530 etiam
748 2476 911 2530 Schneidero
930 2476 1040 2544 placuit.
1074 2477 1210 2533 Probante
1228 2478 1280 2532 Sei·

153 2560 293 2616 donadelio
313 2562 384 2615 Wiel
401 2578 428 2629 p.
446 2567 479 2617 27
505 2560 578 2621 εἷάυς
602 2562 749 2631 ἀμωμητός
767 2579 797 2614 τε
815 2561 859 2612 καὶ
880 2560 960 2632 ἔγχεϊ
979 2562 1080 2621 παντὸς
1103 2562 1207 2632 ἀρείων
1227 2562 1280 2617 sive

152 2647 256 2713 πατρὸς
273 2646 374 2715 ἀρείων
395 2648 520 2714 coniecit,
541 2647 680 2702 conferens
698 2647 746 2701 Od.
765 2647 804 2700 IV
821 2651 870 2701 211
897 2648 970 2707 υἱέας
991 2647 1026 2700 αὖ
1046 2646 1280 2710 recumberem!

151 2731 258 2801 ἔγχεσιν
279 2730 346 2782 εἶναι
364 2732 507 2798 ἀρίστους,
531 2731 694 2787 0111277
717 2733 820 2801 πατρὸς
844 2734 966 2801 ἀρείους,
991 2741 1018 2786 et
1036 2734 1102 2787 Vlll
1124 2737 1173 2789 127
1198 2738 1235 2807 τῇ
1251 2734 1277 2786 δ’

152 2814 216 2867 αὖτ’
234 2812 373 2883 Εὐρύαλος
393 2817 558 2868 ἀπεκαίνυτο
575 2817 680 2875 πάντας
699 2818 834 2886 ἀρίστους.
864 2816 924 2884 Ego
937 2818 1084 2871 Hermanni
1099 2819 1279 2873 coniecturum

149 2898 249 2966 recepi,
268 2914 328 2951 cunr
350 2900 430 2952 etiam
451 2916 475 2952 v.
495 2904 546 2953 414
563 2900 664 2966 κάρτος
682 2901 709 2952 iu
727 2903 830 2970 καρπὸς
849 2902 1024 2968 depravatum
1042 2904 1085 2965 sit,
1109 2909 1137 2958 et
1154 2905 1278 2959 hune-lo·

150 2997 209 3035 cum
227 2985 376 3049 respexisse
394 2983 518 3038 videatur
540 2985 653 3038 Tzetzes
678 2984 705 3037 in
724 2985 866 3039 Antehom.
890 2991 940 3042 223
964 2989 1015 3040 ἐπ’
1040 2986 1132 3041 εἴδεϊ
1151 2990 1278 3059 κάρτος

150 3067 253 3130 &samm
272 3068 367 3122 delnde
387 3069 502 3137 quodam
520 3070 598 3124 modo
617 3071 781 3138 respondere
805 3071 854 3125 sibi
874 3072 999 3127 videntur
1022 3076 1125 3142 κάρτος
1143 3081 1172 3129 et
1190 3075 1277 3144 δουρι-

148 3153 257 3220 κλυτοῦ,
277 3152 348 3214 einos
366 3161 394 3208 et
412 3155 597 3218 tholosanum.
632 3155 708 3224 Quod
727 3163 817 3210 autem
837 3159 908 3212 Wiel
926 3159 973 3215 11.
992 3159 1062 3220 εἶδος
1083 3163 1180 3215 πωλεῖν
1199 3159 1275 3215 intel-

148 3238 202 3306 legi
219 3253 306 3306 posse,
325 3240 426 3308 κάρτος
445 3241 540 3292 πωλεῖν
561 3241 624 3309 quId
643 3242 692 3294 sibi
705 3243 770 3296 velit
789 3244 895 3296 omniuo
911 3261 964 3299 non
977 3246 1098 3315 intellegi
1110 3262 1191 3316 posse
1207 3244 1277 3300 affir·

147 3329 217 3390 mat,
238 3323 305 3377 nihil
323 3330 376 3392 est,
402 3327 501 3378 ποθεῖν
527 3328 596 3380 enim
617 3327 756 3394 deperdite
774 3329 880 3382 amandi
904 3329 1126 3397 significationem
1149 3330 1275 3386 hocloco

147 3406 229 3461 habet
247 3415 275 3461 et
291 3410 395 3478 κάρτος
413 3411 509 3462 ποθεῖν
534 3412 659 3466 bellicoso
678 3413 835 3482 Melanippo
859 3414 931 3468 haud
949 3417 1048 3470 absone
1071 3417 1201 3470 tributum
1219 3429 1275 3470 esse

147 3493 260 3548 videtur.
280 3525 314 3534 —
335 3496 399 3547 439
420 3496 523 3554 σῖζειοῦ
547 3497 576 3550 M
593 3498 624 3560 P,
643 3497 698 3551 Pal.
717 3507 780 3566 post
803 3514 881 3566 corr,
902 3499 925 3552 V
944 3500 1005 3568 ais,
1032 3502 1128 3570 αἰζηοῦ
1151 3502 1195 3572 [Β]
1221 3500 1276 3555 Pet

149 3585 211 3632 ante
223 3594 291 3632 corr.
310 3585 338 3632 et
350 3581 407 3633 rell.
422 3581 497 3645 edd.,·
515 3582 699 3651 ἀουρυκλυτοῦ
716 3583 779 3636 ΒΜ
789 3583 875 3636 PPal.
896 3584 953 3636 aif.
970 3616 1005 3624 -
1023 3587 1087 3636 440
1102 3586 1174 3651 μετὰ
1191 3583 1276 3655 θήκας

146 3662 184 3731 Μ,
202 3664 360 3732 μεταάῆκας
373 3665 394 3717 Ρ
412 3665 440 3718 in
454 3674 538 3735 textu,
556 3668 625 3731 μετὰ
645 3668 769 3736 θῆραςΡ
788 3668 815 3720 in
827 3683 925 3736 marg,
943 3669 1082 3732 ἀλωμένου
1095 3670 1134 3733 Μ,
1146 3669 1203 3723 Pal.
1216 3675 1276 3738 post

147 3762 223 3811 eom,
240 3748 262 3801 P
280 3749 307 3801 in
326 3755 415 3818 textu3
433 3751 572 3815 ἁλωμένος
590 3754 621 3814 Β,
645 3752 784 3816 ἁλάμενος
802 3753 823 3804 Ρ
843 3753 870 3805 in
888 3768 981 3821 marg„
1000 3754 1056 3807 Pal.
1076 3760 1139 3807 ante
1157 3751 1274 3821 oorr.,V

146 3831 191 3900 εἰς
208 3832 341 3896 ἁλόμενος
358 3834 377 3897 f,
397 3835 535 3899 ἀλώμενος
553 3838 645 3905 Steph.
666 3846 693 3892 et
712 3838 768 3892 rell.
789 3839 851 3892 edd.
870 3847 933 3892 ante
951 3840 1051 3909 Herm,
1071 3841 1116 3908 qui
1134 3839 1274 3910 Tyrwbitti

145 3917 326 3972 *unleoturam
343 3921 376 3974 ab
395 3922 502 3989 optimis
526 3922 601 3975 libris
623 3921 756 3976 firmatam
779 3923 920 3987 ἀλωμένου
940 3925 1052 3992 recepit.
1072 3956 1103 3965 -
1124 3927 1205 3994 νόσφι
1221 3924 1273 3979 BP

164 4002 239 4059 'eLV
258 4012 286 4058 et
303 4006 362 4060 edd.
381 4015 444 4062 ante
464 4009 570 4072 Herm,
590 4009 636 4076 qui
654 4010 735 4062 tacite
757 4026 824 4064 corr.
842 4041 877 4050 -
900 4012 957 4062 441
977 4009 1060 4062 ἕαδεν
1082 4010 1152 4077 BV3
1178 4009 1271 4079 φέρειν

164 4087 234 4154 otu,
253 4106 306 4158 quo
324 4097 429 4145 retento
447 4092 581 4146 Ruhnken
598 4095 625 4147 in
644 4094 713 4148 Bibl.
732 4095 796 4148 orit.
814 4093 879 4148 VIII
894 4112 920 4163 p.
938 4100 972 4150 93
992 4097 1018 4148 in
1037 4110 1117 4149 versu
1134 4096 1272 4165 superiore
