2866 4620
557 334 788 400 -189-

114 520 208 604 magi,
232 541 271 586 ex
286 521 445 603 scriptura
458 520 566 586 mirati
582 523 656 584 sunt
670 525 703 584 et
716 518 842 602 experti
859 518 945 584 omni
959 519 1083 601 magica
1097 519 1232 586 actione.

113 621 223 687 Solum
245 622 330 686 hunc
350 622 491 704 lapidem
514 621 765 688 efficacissimum
782 621 921 686 omnium
944 626 1105 703 repertum
1129 629 1162 687 et
1176 644 1233 706 po·

112 724 327 788 tentissimum
355 725 505 790 extremis
532 723 680 789 laudibus
709 723 951 789 decoraverunt.
1003 723 1045 787 Et
1070 724 1139 806 ipse
1168 746 1233 790 me·

112 832 256 892 moratus
279 825 454 891 Galactites
476 825 593 890 dicitur
614 845 652 889 eo
675 824 760 910 quod
777 825 962 890 mulieribus
978 823 1062 891 lacte
1084 824 1231 892 deficien-

111 929 198 993 tibus
221 928 300 992 facit
321 927 497 992 abundare.
532 926 643 991 Facies
665 932 772 991 autem
794 928 855 990 sic:
881 927 1010 991 iubetur
1036 926 1162 991 mulieri
1189 928 1266 994 iet

111 1030 242 1107 innare;
264 1027 380 1093 deinde
401 1029 572 1094 contritum
587 1026 729 1109 lapidem
751 1026 843 1092 dabis
865 1027 926 1092 sihi
949 1050 1019 1093 cum
1041 1029 1159 1108 mulsa,
1184 1030 1233 1096 vel

112 1150 216 1213 passo,
234 1129 281 1195 vel
296 1149 391 1212 aqua,
408 1134 440 1194 st
454 1129 545 1194 bibat
559 1128 763 1208 sufficienter,
786 1134 818 1194 et
839 1131 988 1196 continuo
1008 1130 1141 1197 habebit
1162 1131 1231 1216 plu·

111 1231 228 1296 rimum
249 1237 282 1297 et
303 1232 458 1314 optimum
488 1230 548 1295 lac.
593 1231 635 1295 Et
664 1232 692 1295 si
720 1251 783 1297 non
810 1230 946 1297 veluerit
967 1232 1093 1313 bibere,
1123 1235 1232 1319 accipe

111 1333 218 1397 lanam
242 1335 308 1398 ovis
330 1333 481 1417 gravidae
504 1339 536 1399 et
557 1333 644 1398 facta
665 1334 736 1398 acia
750 1335 907 1416 pertunde
926 1335 1078 1421 lapidem,
1101 1342 1134 1401 et
1154 1335 1233 1420 liga·

112 1435 162 1501 his
184 1437 270 1501 circa
292 1437 408 1502 collum
430 1437 508 1515 eius,
532 1441 564 1502 et
585 1435 630 1500 sic
644 1436 715 1501 fluit
735 1437 796 1501 lac.
830 1438 864 1503 Si
880 1455 953 1503 oves
968 1438 1121 1504 deficiunt
1136 1438 1229 1519 lacte,
1251 1457 1282 1508 ιο

111 1544 147 1602 ut
169 1541 314 1603 excutias
335 1539 400 1619 lac,
428 1540 473 1602 sic
495 1558 587 1621 ages:
617 1538 727 1603 lavata
748 1539 843 1604 ovilia
869 1541 1134 1624 circumaspergis
1164 1541 1232 1606 sale

112 1642 232 1706 oriente
254 1640 330 1706 sole.
375 1641 503 1705 Habeas
525 1645 621 1705 antea
643 1641 815 1706 contritum
837 1641 977 1725 lapidem
999 1645 1138 1709 tenuiter
1159 1665 1231 1708 cum

112 1762 208 1825 aqua,
231 1742 316 1807 unde
338 1743 433 1808 ovilia
454 1743 765 1824 circumasperseris,
788 1749 821 1806 et
843 1743 966 1809 videbis
988 1765 1042 1809 eas
1065 1745 1230 1811 abundare

110 1843 248 1926 plurimo
269 1843 363 1909 lacte.
400 1844 442 1908 Et
466 1845 494 1908 si
514 1843 621 1910 scabie
641 1842 863 1910 laborantibus
877 1845 938 1910 hoe
953 1846 1074 1926 leceris,
1099 1846 1230 1912 sanabis

112 1965 167 2010 eas
189 1951 222 2011 et
243 1946 440 2012 fecundiores
461 1945 603 2011 habebis.
643 1945 839 2028 Lethargum
862 1968 937 2013 vero
960 1947 1076 2013 dicitur
1098 1954 1231 2031 propter
1250 1964 1281 2014 15

113 2046 195 2111 hanc
217 2068 363 2124 causam,
390 2048 466 2130 quia
483 2047 708 2130 praecedentia
729 2048 817 2113 mala
839 2050 871 2112 in
899 2049 1088 2116 oblivionem
1112 2051 1232 2116 ducunt

110 2149 263 2214 homines.
307 2148 390 2215 Nam
416 2150 606 2233 quicumque
637 2169 709 2214 eum
736 2157 955 2215 consecratum
985 2157 1097 2235 portat
1119 2158 1167 2227 et,
1195 2157 1232 2217 ut

110 2251 371 2334 infrascriptum
393 2256 460 2330 est,
491 2251 587 2316 etiam
617 2250 795 2316 offenderat
824 2272 946 2335 regem,
978 2254 1027 2317 vel
1059 2259 1231 2336 potentem,

112 2355 419 2438 subpraepositum,
442 2358 499 2419 aut
512 2358 688 2437 parentem,
711 2358 768 2417 aut
790 2353 962 2433 dominum,
985 2355 1019 2419 in
1041 2355 1231 2421 oblivionem

179 2541 200 2592 3
218 2541 297 2608 extr]
317 2545 429 2593 externe
444 2538 478 2604 03
496 2568 528 2578 -
546 2537 728 2591 4Galactites
747 2553 822 2606 ego,
840 2538 980 2593 Galaeiten
999 2558 1050 2609 cp3
1072 2540 1137 2595 dicit
1147 2561 1179 2606 μς
1198 2571 1232 2582 -

145 2624 301 2678 habundare
319 2642 344 2694 e;
363 2624 434 2675 -θ
460 2622 520 2693 sibi]
540 2623 581 2676 illi
595 2641 622 2685 ρ,
639 2654 674 2663 -
691 2622 836 2691 Sequentia
854 2638 888 2676 ex
905 2625 985 2679 Aetio
1005 2625 1044 2693 (ΙΙ
1065 2629 1106 2691 17)
1125 2628 1171 2694 qui
1196 2642 1231 2680 ex

109 2725 207 2779 graeco
224 2709 402 2777 Damigeroue
419 2707 540 2762 hausisse
558 2707 671 2775 videtur,
692 2708 809 2761 illustrat
827 2708 898 2762 Rose
915 2709 933 2763 l.
952 2709 969 2763 l.
986 2727 1012 2778 p.
1025 2715 1083 2766 484.
1095 2716 1158 2765 485:
1182 2709 1232 2764 Γα-

109 2793 244 2863 λακτὶτης·
268 2792 311 2844 καλ
329 2791 406 2851 οὗτος
423 2791 609 2862 παραπλησίαν
628 2796 667 2867 τῷ
692 2795 884 2863 προειρημένῳ
903 2795 1000 2863 χροιὰν
1020 2795 1089 2865 ἔχων
1109 2796 1231 2867 ὑπόχλω-

108 2896 172 2950 ρον,
194 2877 353 2948 γαλακτώδη
368 2878 453 2949 χυλὸν
478 2878 575 2947 ἀνίησι.
600 2875 658 2930 ἔστι
681 2879 712 2930 δὲ
737 2879 923 2947 σκληρότερος
946 2883 995 2948 τῆς
1017 2881 1232 2949 λεονιογραφίδος

108 2964 176 3016 κατὰ
194 2962 226 3015 τὸ
243 2962 328 3026 εἶδος,
345 2963 514 3031 πολογάλοος
532 2962 611 3032 [sict]
630 2963 660 3015 δὲ
679 2965 755 3016 ποιεῖ
772 2963 821 3022 τὰς
837 2965 978 3031 γυναῖκας,
1000 2965 1046 3016 ἐὰν
1067 2965 1231 3028 λουσάμενοι

107 3049 216 3102 πίνωσιν
234 3050 252 3119 ἡ
269 3047 335 3111 μεθ’
353 3046 452 3109 ὕδατος
469 3050 486 3118 ἡ
503 3049 575 3111 μετὰ
591 3047 705 3116 γλυκέος
722 3046 794 3101 οἴνου
812 3049 994 3113 τετριμμένον
1018 3050 1066 3101 τὸν
1085 3049 1171 3103 λίθον.
1189 3051 1231 3114 μί·

106 3150 201 3201 γνοται
218 3133 249 3185 δὲ
266 3133 309 3185 καὶ
327 3135 385 3193 ταῖς
402 3133 581 3200 ὀρθολμοιαῑς
598 3133 739 3196 δυνάμεσι.
765 3133 832 3198 φασὶ
855 3133 885 3184 δὲ
906 3132 990 3185 αὐτὸν
1010 3133 1229 3201 περιακτόμενον

108 3220 147 3286 τῷ
164 3217 293 3288 τραχήλῳ
311 3220 489 3271 serarianas
511 3217 628 3286 βρεφῶν
653 3217 774 3269 ὀδόντων
798 3215 992 3285 ἀταλαίπωρον
1012 3216 1123 3285 ἔκφυσιν
1142 3235 1230 3285 παρα-

109 3301 260 3359 σκευάζειν.
283 3332 309 3339 u
330 3301 424 3356 Oasis
441 3320 468 3364 c,
486 3300 530 3355 hic
551 3309 579 3354 et
596 3301 666 3355 infra
682 3317 709 3369 p.
730 3305 786 3363 190,
807 3305 846 3368 la,
865 3301 911 3354 ubi
929 3303 1097 3355 immutatum
1121 3301 1231 3371 reliquit

109 3385 197 3449 Pius,
224 3400 285 3438 cum
308 3391 399 3440 nostre
424 3386 483 3440 leco
506 3385 579 3440 acie
602 3385 743 3454 edidisset,
767 3388 856 3442 nescio
874 3404 927 3455 quo
946 3403 1035 3442 sensu.
1061 3387 1107 3441 cfr.
1126 3387 1229 3443 Mars:

109 3470 204 3524 »Hunc
221 3470 278 3524 eris
301 3484 337 3522 ex
354 3469 481 3538 gravidas
502 3470 565 3523 lana
586 3470 728 3524 traducere
751 3471 953 3527 filePertuso
971 3471 1088 3542 lapidem
1106 3472 1185 3526 decet
1201 3479 1231 3528 et

107 3553 263 3610 circundare
280 3553 374 3610 eollo«.
396 3584 428 3594 -
445 3555 472 3607 11
491 3553 627 3625 excutiats
639 3564 666 3617 ος
686 3585 718 3596 -
735 3557 762 3609 11
780 3556 1001 3624 circumaspergia
1012 3574 1041 3622 c;
1059 3557 1161 3611 crisma
1174 3558 1229 3611 sole

103 3655 137 3706 ρ;
168 3669 191 3678 -
221 3642 256 3692 13
274 3638 521 3707 circumasparseris
538 3659 565 3701 ις
584 3639 740 3693 habundare
760 3659 787 3702 ι;
819 3673 846 3680 -
873 3641 907 3692 15
923 3641 1074 3709 lethargum
1095 3657 1172 3709 ego,
1191 3641 1229 3711 ly·

106 3729 212 3791 turgum
230 3742 256 3786 c,
279 3723 424 3791 lithargum
440 3739 474 3790 p;
496 3721 817 3791 -16quialqu0dp3
848 3754 874 3763 „
904 3725 938 3776 16
961 3723 1058 3779 ducit
1080 3723 1229 3779 hominia

106 3807 223 3876 perbene
246 3807 315 3861 ceni.
337 3806 420 3872 Pius,
444 3807 518 3862 ducit
539 3808 660 3863 homiues
684 3807 765 3862 ceni.
788 3807 888 3876 Ring,
911 3809 957 3877 qui
978 3809 1229 3878 praecedentia

107 3891 194 3946 mala
211 3892 255 3946 vel
272 3892 463 3947 nominativum
474 3893 677 3960 (accusativum)
694 3892 844 3946 absolutum
857 3892 900 3945 vel
915 3893 1097 3946 accusativum
1115 3909 1132 3947 a
1149 3909 1227 3949 veca-

104 3975 168 4032 hulo
185 3977 314 4032 oblivio
330 3977 492 4046 pendentem
510 3978 568 4047 (cfr.
580 3978 723 4048 antiquum
736 3977 816 4031 illud:
836 3977 916 4047 aquid
928 3978 977 4031 tibi
990 3979 1060 4032 hauc
1071 3978 1228 4047 taetimtls)

105 4077 164 4117 esse
181 4069 267 4131 putat.
286 4093 317 4104 -
336 4063 371 4116 18
388 4060 536 4118 offenderat
554 4077 632 4131 ege,
651 4060 750 4117 enudat
766 4062 827 4130 (sic)
845 4080 867 4126 ι,
889 4060 1007 4118 offendat
1022 4081 1049 4129 ρ.
