2866 4620
599 347 832 410 -106-

153 537 216 586 ante
233 547 301 587 corr.
321 563 351 572 -
380 532 435 585 731
456 533 537 597 ἐφομ.
555 533 590 596 Β;
607 531 647 582 ἐνὶ
664 531 707 596 Μ;
727 516 874 599 κρεάεαοιν
894 531 993 600 Herm,
1014 533 1178 599 κρεάτεσαιν
1198 533 1280 589 codd.

154 622 182 669 et
197 616 255 670 rell.
274 615 350 682 edd.;
370 614 458 685 ἵκηται
475 615 541 682 (scil.
559 615 593 667 τὸ
611 618 728 682 πνεῦμα)
740 617 773 678 Α,
793 613 893 668 ἵκονται
906 616 969 685 BV,
993 615 1103 670 ἵκωνται
1121 617 1179 675 rell.
1199 618 1279 672 codd.

153 708 182 754 et
199 702 258 756 edd.
277 733 310 742 -
330 702 393 753 732
409 701 560 752 δαίννυαιδα
579 701 614 762 P,
633 700 766 753 δαίνυσόα
784 700 854 768 Pal,
877 701 1036 755 δαίννυαόαι
1053 703 1151 757 BMV
1169 703 1227 757 ait
1245 732 1281 744 -

153 803 184 838 τε
212 786 284 854 quod
313 801 366 840 non
392 785 494 839 babent
526 785 601 839 codd.
629 785 692 849 oif,
726 791 789 839 ante
814 789 965 850 μεμαῶτας
990 788 1059 841 mira
1085 788 1189 842 ratione
1216 787 1280 843 add.

153 871 255 938 Steph,
275 871 379 938 expulit
396 870 501 938 Tyrwh.
520 870 542 923 P
561 869 659 923 codicis
676 871 839 924 auctoritate
857 872 937 925 nisus.
971 872 1019 927 »V.
1032 871 1234 927 Slothouwerus
1251 873 1280 926 in

152 959 213 1009 Act.
231 955 290 1010 Soc.
307 955 379 1009 Trai.
397 955 439 1007 ill
463 969 489 1021 p.
510 958 557 1007 162
580 953 709 1015 miratur,
732 952 804 1021 quod
828 953 958 1016 editores,
982 955 1028 1022 qui
1050 969 1105 1008 non
1126 955 1280 1023 ignorarint

154 1041 215 1092 ἐπεὶ
232 1056 248 1094 a
265 1046 356 1094 nostro
379 1039 452 1093 haud
474 1055 536 1093 raro
557 1055 605 1106 pro
625 1039 721 1091 ἔπειτα
736 1041 811 1106 poni,
834 1038 907 1093 hunc
928 1055 1035 1094 versum
1060 1055 1125 1094 suae
1142 1041 1279 1108 pristinae

152 1125 253 1180 formae
277 1140 330 1178 non
352 1123 517 1178 reddiderint
540 1124 653 1192 legendo
682 1124 826 1176 δαίνυσθαι
855 1124 932 1192 τότ’,
962 1125 1025 1177 ἐπεί
1044 1142 1075 1178 τε
1092 1126 1281 1194 κορέννυσόαι

152 1213 306 1274 μεμαῶτας,
342 1209 422 1263 Mitto
448 1209 581 1262 soloecum
606 1209 672 1261 ἐπεί.
709 1207 761 1263 Sed
785 1209 851 1262 iilud
874 1225 924 1276 ego
948 1210 1074 1277 mirarer,
1096 1209 1119 1261 si
1141 1209 1278 1276 epulando

152 1311 205 1348 non
223 1295 388 1348 satiarentur
406 1294 459 1354 isti,
478 1309 570 1348 verum
588 1299 650 1362 post
668 1294 769 1362 epulas.
797 1294 864 1347 (lum
875 1295 1023 1363 Tyrwhitto
1035 1295 1170 1350 consentit
1181 1293 1279 1348 Schra-

152 1379 233 1433 derus
251 1379 336 1447 praef.
354 1379 467 1432 Emend.
485 1395 512 1446 p.
531 1378 725 1460 IX.u⁴Her·m.
747 1411 774 1417 —
794 1378 979 1446 κυρεννύαδαι
996 1381 1028 1434 A.
1055 1411 1088 1419 -
1115 1380 1178 1432 733
1197 1379 1280 1432 καλό·

151 1514 213 1550 πτει
231 1498 265 1564 A,
284 1497 439 1550 sadducaeos
457 1497 488 1550 Β.
510 1528 538 1536 -
561 1498 624 1549 734
639 1462 806 1549 ἐπὲλσπεῖσαι
824 1496 878 1550 Pal.
899 1528 928 1536 -
952 1498 1013 1549 735
1028 1497 1072 1549 καὶ
1089 1497 1153 1549 λίπα
1165 1499 1279 1568 τ’,ἐρα-

152 1580 201 1634 τὸν
220 1580 287 1633 αὔτε
305 1581 363 1645 μελ.
383 1582 458 1635 codd.
476 1583 538 1643 aii}
559 1581 674 1645 αὔόιμον
693 1583 753 1648 aif3
771 1582 814 1633 καὶ
832 1582 925 1636 λίπατ’
943 1584 989 1653 ἡδ’
1007 1583 1109 1650 ἐρατόν
1128 1601 1161 1636 τε
1181 1582 1278 1653 Steph.

153 1672 181 1719 et
198 1665 254 1719 rell.
274 1666 334 1720 edd.
371 1666 423 1720 Sed
440 1674 514 1720 recte
532 1666 599 1720 vidit
617 1666 775 1720 Seidenadel
794 1684 820 1734 p.
838 1671 854 1720 8
872 1682 921 1733 per
939 1667 1010 1721 hanc
1028 1668 1212 1722 coniecturam
1230 1685 1278 1725 vo·

153 1751 276 1805 cabulum
294 1750 356 1802 λίπα
373 1752 441 1805 male
461 1752 580 1820 epitheto
598 1751 700 1820 privari
723 1757 751 1805 et
774 1750 854 1819 εἶδαρ
878 1751 981 1806 duobus
1006 1752 1133 1821 epithetis
1158 1754 1276 1822 onerari,

152 1836 224 1906 quod
247 1852 279 1889 eo
297 1836 382 1903 magis
400 1835 532 1905 displicet,
552 1852 611 1890 cum
627 1837 745 1889 inversu
764 1836 901 1904 superiore
919 1837 1051 1890 vocabulo
1067 1837 1140 1905 rolla
1158 1843 1186 1890 et
1203 1839 1278 1901 με’όυ

152 1923 263 1992 singulis
282 1922 408 1990 epithetis
426 1929 522 1976 ornata
540 1923 599 1975 sint.
633 1920 745 1988 Scripsit
763 1936 826 1988 ergo
845 1921 889 1973 καλ
907 1922 965 1972 λίπ’
984 1923 1123 1992 ἐπήρατον
1142 1921 1212 1974 οὔτε
1229 1940 1277 1987 με-

151 2011 245 2080 λίσσης
262 2012 291 2061 τ’
311 2006 423 2071 όνόιμον
442 2007 528 2076 εἶδαρ.
566 2008 616 2062 »So
640 2007 778 2061 enthaiten
799 2007 877 2061 beide
894 2008 979 2061 Verso
999 2007 1042 2059 ein
1060 2006 1131 2060 Paar
1149 2006 1200 2059 mit
1219 2011 1277 2060 ent·

152 2092 492 2162 sprechendenEpitheta:
510 2092 626 2146 weisse
639 2092 821 2146 Milchund
837 2091 1074 2158 slisserWein‚
1093 2089 1277 2145 liebliches

153 2179 212 2232 Oei
234 2177 300 2232 und
324 2177 383 2230 der
401 2178 506 2230 Biene
531 2176 680 2244 blumige
704 2176 835 2244 Speise;
860 2176 932 2230 diese
950 2177 1016 2231 zuei
1034 2178 1119 2229 Paare
1138 2175 1189 2231 soll
1208 2174 1275 2228 αὖτε
1297 2240 1301 2245 ἢ

153 2263 282 2316 einander
297 2260 570 2330 gegendberstellenn
590 2259 668 2326 Quod
683 2267 777 2315 contra
792 2261 927 2329 epicorum
942 2277 1019 2315 usum
1033 2267 1112 2329 esset,
1131 2276 1193 2314 cum
1205 2259 1274 2313 αὔτε

150 2355 247 2402 novam
271 2347 431 2402 sententiam
452 2345 535 2399 ordiri
558 2345 662 2399 debeat.
698 2347 794 2414 ltaque
819 2346 958 2415 ἐπήρατον
981 2346 1084 2414 recepi,
1108 2351 1136 2399 et
1154 2347 1205 2416 ἠδὲ
1225 2362 1273 2414 pro

150 2432 332 2502 adrescripsi.
358 2464 390 2474 -
415 2429 506 2484 οΜὲδυ
524 2431 575 2502 ἡδύ
598 2430 687 2485 hiatus
709 2431 891 2486 Homericus«
919 2431 1025 2484 Herm.
1054 2460 1086 2470 —
1119 2431 1190 2484 736.
1212 2430 1275 2484 737

151 2520 221 2587 ἀμφὶ
239 2519 270 2571 δὲ
286 2521 399 2586 κόρσαις
409 2519 442 2582 A,
460 2520 497 2588 μὴ
512 2517 541 2569 δὲ
553 2518 690 2586 κορέσοης
701 2517 776 2572 codd.
790 2517 855 2570 dett.
867 2517 928 2581 aii,
941 2511 1014 2586 ’μηδὲ
1030 2515 1169 2586 κορέασῃς
1181 2515 1275 2585 steph.

150 2611 179 2658 et
196 2604 254 2658 rell.
273 2606 332 2659 edd.
345 2611 407 2658 ante
422 2605 514 2658 Herm.
534 2634 563 2642 -
584 2619 607 2655 v.
623 2605 673 2659 737
692 2602 858 2671 αρυϊτέραις
875 2602 908 2669 Α,
928 2601 1093 2668 σφαῐτέροις
1111 2599 1188 2655 codd.
1208 2601 1274 2655 dett.

149 2691 320 2760 (αφοιϊτέρης
336 2689 405 2756 Pal.)
423 2695 451 2742 et
469 2688 543 2755 edd.;
561 2688 663 2740 πέπλον
676 2690 708 2751 A,
728 2687 837 2745 πέπλοις
859 2685 934 2745 codd.
947 2686 1013 2740 dett.
1032 2691 1061 2738 et
1077 2683 1151 2750 edd.;
1170 2684 1275 2738 οῖκονδε

150 2772 246 2824 ΑΒΜ
257 2773 290 2834 V,
309 2771 414 2825 οἴκονδε
432 2773 487 2826 aif.
518 2771 604 2838 »Quid
623 2772 674 2825 sibi
691 2772 831 2840 κορέσαῃς
847 2771 892 2824 hic
904 2769 977 2833 velit,
995 2786 1048 2823 nou
1059 2768 1191 2838 intelligo.
1217 2768 1275 2824 iam

151 2855 260 2910 dixerat
276 2873 300 2910 v.
319 2861 352 2911 92
372 2860 405 2924 [v.
426 2860 487 2925 733]
507 2857 541 2909 τὰ
559 2857 589 2907 δὲ
607 2856 723 2922 λείψανα
739 2858 805 2923 γαῖα
823 2854 967 2907 καλύπτοι·
988 2854 1055 2907 nihil
1073 2853 1155 2908 debet
1171 2853 1206 2909 de
1223 2854 1273 2909 hot

152 2956 228 2995 sacro
246 2941 353 3008 auferri,
373 2942 480 2996 domum
491 2942 602 3009 portari,
621 2942 721 2995 servari
739 2943 766 2994 in
780 2942 894 2994 alterum
906 2940 983 2994 diem.
1014 2938 1113 3006 Verbo,
1130 2938 1274 3007 legendum

149 3032 216 3095 puto
233 3026 303 3095 μηδὲ
320 3027 470 3097 πορὲααρς.
509 3026 556 3081 Ne
574 3027 754 3095 impertias
776 3027 901 3095 cuiquam
919 3026 1026 3080 domum
1043 3023 1183 3078 ferendum
1199 3023 1274 3094 qnid·

151 3127 238 3180 quam.
274 3111 359 3165 Totus
377 3118 525 3180 apparatus
542 3112 595 3166 hoc
612 3113 739 3180 loquitur,
762 3111 797 3165 ab
814 3110 866 3164 hoc
884 3109 1012 3163 sacrificio
1029 3107 1098 3162 nihil
1117 3122 1177 3163 esse
1196 3109 1271 3179 quasi

150 3196 367 3250 eliminandum«
392 3197 493 3252 Geso.
528 3199 638 3266 nNeque
660 3198 800 3266 κορέσαρς
823 3212 874 3250 nec
896 3196 1038 3265 πορέασρς
1063 3194 1186 3262 quidem,
1209 3193 1272 3248 mihi

150 3296 242 3335 verum
260 3282 373 3335 videtur.
410 3283 569 3350 Cogitabam
593 3283 737 3351 aliquando
761 3281 929 3336 scribendum
953 3296 1010 3335 esse
1028 3280 1180 3350 κοτέσαῃς,
1205 3280 1272 3358 ira·

151 3342 277 3433 scaris,
301 3366 469 3421 invideas
506 3369 559 3423 Sed
580 3369 644 3438 quid
663 3370 698 3422 sit
715 3383 828 3421 ramos
850 3367 945 3420 oleae
963 3365 1130 3419 vestimentis
1147 3365 1204 3419 suis
1222 3378 1272 3419 ca·

149 3462 244 3518 pere,
268 3467 322 3503 nou
344 3450 489 3520 intelligor
515 3454 645 3522 Tyrwh
681 3453 781 3507 »Recte
804 3451 982 3507 Schneiderus
1007 3451 1152 3518 ἀκρόδρυα
1176 3447 1271 3506 iutelli-

149 3534 237 3603 genda
254 3551 292 3602 pu
293 3541 342 3602 tat,
360 3542 390 3589 ut
408 3552 490 3604 supra
501 3554 525 3591 v.
538 3543 589 3592 524
606 3538 709 3606 [vulg.].
737 3538 879 3591 Caeterum
897 3536 1074 3604 aequabilitas
1091 3535 1222 3590 orationis
1229 3530 1271 3589 ad

148 3620 217 3690 μηδὲ
233 3619 393 3673 infinitivum
411 3621 504 3689 exigit,
523 3628 554 3674 ut
571 3622 599 3674 in
617 3621 798 3690 sequentibus.
829 3622 918 3689 Quare
929 3622 1000 3692 μηδὲ
1012 3622 1152 3690 κορέσσρς
1169 3622 1198 3674 in
1209 3619 1271 3691 μηδ’

150 3706 318 3775 ἀκορέστους
332 3706 442 3759 mutavi.
469 3705 514 3759 Ad
526 3706 611 3759 ἑλέειν
624 3707 828 3774 intelligendum
841 3722 855 3759 e
867 3705 1091 3774 praecedentibus
1105 3706 1270 3776 ἀκρόδρυα(

131 3784 255 3844 'Herm
293 3790 411 3857 »Quibus
429 3790 551 3846 omnibus
568 3806 611 3843 res
629 3791 736 3845 minime
755 3790 905 3859 expeditur.
940 3792 1009 3843 Nam
1029 3791 1128 3855 πέψαι
1146 3805 1198 3858 pro
1215 3788 1271 3843 ort·

150 3874 258 3939 ψααδαι
275 3873 440 3941 inauditum3
463 3875 527 3943 quid
545 3876 581 3928 sit
599 3876 741 3944 ἀκρόδρυα
758 3876 870 3935 πέπλοις
887 3876 971 3939 ἑλεῖν,
993 3891 1081 3930 ramos
1100 3875 1178 3930 oleae
1195 3873 1270 3930 vesli-

148 3957 247 4012 mentis
261 3958 316 4011 suis
334 3974 445 4027 capere,
469 3959 497 4013 id
514 3975 567 4014 non
586 3974 664 4027 posse
681 3960 801 4027 perspici
819 3959 877 4012 iure
896 3958 1013 4013 aidrmat
1030 3960 1211 4029 Tyrwhittuu
1229 3974 1270 4013 ne·

149 4054 203 4113 guo
220 4056 264 4096 res
282 4043 377 4098 melius
394 4059 423 4098 se
441 4045 532 4111 habet,
551 4045 573 4098 si
592 4061 652 4099 cum
670 4044 832 4099 Schneidero
849 4045 991 4114 intellegas
1002 4043 1107 4098 fructus
1124 4045 1216 4108 oleae;
1234 4043 1270 4106 sio
