2866 4620
601 308 814 371 ..94-

147 492 208 545 mile
226 493 261 546 sit
277 496 398 559 poetam,
421 505 504 558 quum
526 496 627 544 certam
649 489 765 558 aliquam
786 491 923 559 regionem
945 488 1065 545 indicare
1086 487 1184 557 vellet,
1206 488 1271 545 talia

146 578 276 647 posuisse,
294 577 365 632 unde
384 576 447 644 quid
465 577 594 630 voluisset
610 590 644 629 ne
663 574 794 643 suspicari
811 574 919 644 quidem
935 579 1028 643 posset
1045 573 1195 643 quisquam,
1213 579 1269 628 turn

147 665 239 718 sImilis
257 679 337 732 quam
355 662 460 730 Tyrwh.
478 660 557 715 affert
572 661 665 715 Alcaei
683 661 784 716 locutio
800 666 856 715 turn
875 666 916 714 est
933 659 1076 726 dissImilis,
1093 664 1124 713 ut
1141 675 1204 713 cum
1219 659 1271 713 boc

147 751 206 805 loco
224 754 287 818 apte
306 747 421 803 conferri
438 745 511 801 nullo
529 747 608 800 modo
626 746 724 813 possit;
748 745 796 798 ills
813 745 884 799 enim
904 745 1017 813 praebet
1034 743 1219 813 planissimam
1236 744 1271 798 ad

147 833 312 888 intellectum
334 832 507 893 sententiam,
532 830 577 884 hic
600 831 705 885 omnino
729 831 855 884 nnllam«.
888 830 977 897 Quare
999 846 1025 898 p.
1044 833 1080 883 20
1102 829 1175 884 Wiel
1197 832 1270 881 κεῖνο

148 918 217 972 πολὺ
234 917 390 986 πρώτιστον
408 916 534 984 ἀνευρὼν
549 912 724 983 Ἑσπερίηδεν
745 916 815 970 coni.
833 914 932 969 collata
953 914 1031 968 simili
1049 914 1129 968 huius
1147 913 1271 968 carminis

148 1004 283 1058 locutione
299 1019 324 1055 v.
337 1006 387 1057 695
406 1002 509 1071 σήματ’
528 1002 604 1064 ἐμεῖο
624 1002 758 1070 παρόντος
770 1000 897 1070 ἀνευρὼν
913 998 1086 1069 Ἄσσορίηδεν
1105 998 1219 1068 Χρυσοῦ
1236 1017 1272 1052 τι·

149 1090 264 1159 μὴεντος
283 1088 395 1156 ἀρείονα
413 1089 498 1156 δεῦρο
515 1087 658 1152 κόμισσεν,
682 1085 814 1154 simulque
832 1099 942 1138 monens
960 1085 1112 1152 Gorgonem
1130 1080 1271 1143 Ἀτλαντος

149 1173 284 1225 νεάτοισιν
303 1173 355 1224 ὑπὸ
374 1175 514 1241 κρημνοῖσι
532 1172 655 1238 δαμῆναι,
674 1168 771 1224 deinde
791 1184 932 1224 exeruere
950 1176 1039 1223 ortum
1057 1183 1115 1223 esse
1133 1167 1269 1224 coralium

147 1258 216 1311 Tum
238 1255 340 1325 pergit:
365 1254 482 1322 »Quodsi
505 1255 624 1308 tenueris
647 1254 696 1308 sub
719 1255 835 1309 Atlantis
858 1254 992 1309 radicibus
1010 1254 1141 1322 virginem
1166 1268 1270 1308 caesam

148 1357 220 1409 esse,
243 1341 296 1394 iam
313 1341 388 1394 rides
412 1355 465 1407 qno
488 1353 531 1392 res
549 1338 658 1399 evadam
684 1339 783 1394 etenim
798 1336 940 1408 Ἑσπερῖος
963 1339 1069 1392 nomine
1091 1344 1203 1406 praeter
1219 1340 1269 1392 lta·

148 1426 211 1480 liam
229 1426 325 1480 latiore
346 1423 449 1478 ambitu
467 1423 590 1490 regiones
607 1423 786 1477 occidentales
804 1421 948 1491 significari
959 1428 1074 1485 condat,
1091 1422 1271 1493 Hesperidum

148 1510 225 1564 sedes
243 1510 278 1564 ad
298 1509 433 1562 Oceanum
451 1512 479 1560 et
495 1507 633 1560 Atlantem
650 1513 799 1574 ponuntur;
814 1505 948 1575 Ἕσπερος
971 1506 1084 1561 Atlantis
1110 1523 1169 1562 esse
1190 1508 1272 1565 frater

73 1650 75 1654 ,
147 1593 305 1663 perhibetur
327 1633 413 1647 .....
448 1591 550 1646 Vitium
568 1596 657 1643 antem
676 1605 710 1644 ex
728 1590 807 1645 solita
830 1591 863 1645 de
886 1591 1024 1644 stellarum
1048 1597 1110 1646 ortu
1137 1591 1272 1647 locutione

150 1679 279 1747 originem
292 1677 399 1732 duxisse
411 1674 539 1729 credibile
551 1680 599 1728 est.
618 1674 651 1728 ct.
664 1674 783 1729 Maneth.
797 1679 822 1742 3,
834 1679 868 1730 49
879 1672 959 1745 ’Ἄρης
971 1677 999 1727 δ’
1013 1676 1173 1745 aetatepost
1193 1679 1272 1747 drep-

149 1764 274 1834 χόμενος.
294 1766 318 1816 6.
336 1765 370 1816 89
388 1763 420 1831 ἢν
433 1760 461 1812 δ’
472 1759 551 1829 Ἀρης
562 1761 720 1830 περάτηθεν
735 1761 874 1832 ἀνέρχητ’.
894 1764 919 1824 6,
933 1765 967 1816 60
984 1762 1143 1831 περάτηθεν
1163 1764 1273 1830 δδρεια

148 1848 255 1913 μένοοα.
286 1847 332 1901 Me
350 1851 382 1901 ut
398 1846 535 1914 vulgatam
552 1846 682 1899 retineam
694 1853 835 1900 moverunt
847 1851 875 1900 et
889 1847 1007 1901 eiusdem
1025 1847 1168 1902 locutionis
1186 1864 1272 1903 exem-

148 1932 195 1999 plu
211 1948 228 1986 a
246 1931 345 1987 Wielio
363 1929 442 1985 modo
461 1929 543 1984 allata
561 1937 589 1984 et
605 1947 646 1982 vr.
667 1934 689 1984 1.
707 1935 725 1984 2
748 1932 837 1998 δῶρον
863 1931 1031 1990 ἀλεεοιάκοιο
1051 1931 1114 1992 Διὸς
1134 1933 1272 2001 διητοῒσιν

150 2018 270 2070 ὀπάσσαι
279 2012 447 2079 Κειλόμενος
460 2013 544 2084 Μαίης
562 2014 694 2081 ἐριούνιος
704 2014 774 2085 ἦλθε
786 2017 908 2078 κομίζων.
936 2016 1012 2069 Inter
1024 2015 1103 2079 dona,
1121 2031 1192 2085 quae
1203 2017 1273 2072 Her·

149 2103 238 2156 curius
256 2117 291 2155 ex
308 2100 447 2168 superiore
470 2099 580 2165 regione
603 2097 680 2152 nobis
704 2098 829 2167 opposita
846 2100 956 2154 veniens
973 2100 1172 2171 (ἀνερχόμενος
1190 2102 1272 2170 περά-

149 2188 245 2257 τηθεν)
267 2184 425 2239 mortalibus
448 2183 605 2249 tradiderit,
629 2184 756 2237 coralium
780 2185 936 2252 primarium
953 2186 1040 2240 locum
1059 2185 1206 2240 obtinuisse
1223 2185 1273 2240 boc

149 2276 240 2324 nostro
258 2284 337 2322 versu
355 2268 505 2322 edocemur.
529 2299 563 2308 —
592 2267 655 2320 608
675 2269 705 2320 δὲ
722 2273 785 2323 ante
803 2285 870 2324 corr.
888 2271 926 2333 B;
951 2270 1090 2334 πινέμεναι
1108 2269 1166 2323 αἰεί
1184 2270 1224 2324 Id.
1242 2299 1270 2311 -

43 2380 45 2387 ¹
151 2389 213 2441 609
230 2388 328 2452 μίμνεο
344 2387 377 2449 Β,
394 2352 491 2451 μδμνεο
510 2385 549 2454 V;
567 2390 733 2458 πεοιεδονῆς
750 2391 783 2457 Α,
802 2390 969 2442 πεοιεδονοῦ
987 2388 1063 2444 codd.
1082 2388 1148 2442 dett.
1168 2393 1197 2442 et
1214 2386 1272 2442 edd.

151 2474 215 2528 Post
233 2489 257 2525 v.
276 2475 327 2527 600
345 2470 440 2525 titulus
459 2472 562 2543 ἀχάτης
579 2472 607 2525 in
619 2473 680 2526 MP
698 2479 725 2526 et
741 2472 800 2527 edd.
812 2479 875 2527 ante
889 2474 1003 2542 Tyrwh,
1021 2473 1067 2542 qui
1084 2472 1194 2526 titulum
1212 2472 1272 2527 omi·

150 2559 184 2612 sit
202 2575 263 2613 cnm
280 2559 318 2621 A;
342 2557 407 2625 περὶ
429 2558 533 2628 ἀχάτοο
552 2557 640 2611 BPal.
648 2557 680 2612 V.
710 2559 855 2627 »Lapidem
873 2574 935 2613 cum
951 2558 997 2612 hic
1015 2559 1172 2624 memorari,
1195 2556 1273 2625 quia

151 2643 235 2697 Plinio
254 2642 428 2698 sardachates
440 2641 554 2709 dicatur,
571 2644 675 2697 notadt
688 2643 873 2698 Schneiderus.
903 2644 983 2698 Plinii
997 2642 1071 2698 locus
1083 2647 1125 2697 est
1136 2641 1272 2697 XXXVII.

149 2733 192 2783 54.
209 2728 250 2781 Ibi
269 2729 350 2782 etiam
368 2743 428 2782 cnm
451 2726 511 2782 aliis
534 2728 704 2796 iaspacbates
722 2734 788 2784 est«.
806 2729 912 2783 Herm.
937 2760 970 2770 -
996 2729 1051 2781 010
1065 2727 1127 2780 πῖνε
1143 2727 1271 2792 BPaIV,

150 2829 210 2864 τινε
228 2827 257 2877 a;
283 2813 348 2873 μετ’
366 2812 496 2880 depereo
516 2811 635 2880 βρόμοιο
655 2812 730 2866 codd.
753 2814 815 2878 ais,
838 2829 907 2868 corr.
925 2813 1018 2882 steph.
1043 2842 1074 2852 -
1101 2813 1157 2866 613
1173 2814 1203 2867 ἓν
1221 2812 1272 2883 γὰρ

151 2897 182 2948 οὐ
200 2898 272 2966 δήεις
290 2896 323 2948 A.
346 2895 414 2949 »Pro
437 2895 512 2968 δήεις
529 2896 618 2949 malim
636 2897 735 2966 ubique
754 2897 830 2969 δῄοις
848 2899 951 2967 legere3
973 2896 1041 2950 illud
1058 2901 1149 2952 tumen
1166 2899 1207 2952 ito
1223 2898 1271 2952 fre·

151 3029 235 3083 quens
257 3029 315 3068 esse
332 3013 425 3080 video,
447 3020 478 3067 nt
501 3015 685 3070 tantominus
710 3015 812 3083 aliquid
835 3015 973 3070 audeam«.
999 3015 1094 3070 Gesn.
1121 2981 1219 3088 ὁρδον
1236 3016 1271 3082 V;

151 3098 264 3151 ὑαλάπιν
277 3098 315 3164 Β;
333 3097 429 3152 δασπιν
441 3099 474 3152 Α.
494 3129 524 3140 -
548 3100 605 3151 614
619 3101 778 3168 σμαράγδον
797 3101 856 3168 (sic)
875 3100 1047 3155 contram.
1065 3106 1093 3154 et
1112 3101 1271 3170 σμάραγδον

150 3184 183 3246 A,
202 3183 273 3252 quod
286 3185 320 3238 ob
332 3187 358 3238 A
374 3185 436 3238 libri
448 3185 635 3239 anctoritatem
646 3185 829 3254 recipiendum
846 3201 904 3240 esse
917 3185 1041 3240 contendi
1052 3186 1081 3238 in
1092 3185 1182 3253 Epist.
1193 3201 1221 3254 p.
1234 3185 1272 3248 ll,

149 3283 300 3337 perperam,
319 3268 384 3322 licet
400 3269 427 3322 in
446 3268 498 3323 fine
517 3268 603 3336 quinti
621 3270 697 3337 pedis
711 3285 815 3324 omnem
828 3271 1026 3337 correptionem
1037 3267 1177 3338 aliquanto
1188 3270 1272 3324 minos

151 3350 305 3406 offensionis
328 3353 428 3408 habere
450 3353 631 3408 observaverit
648 3354 734 3408 Lehrs
756 3355 865 3422 Quaest.
883 3354 953 3422 Epp.
971 3371 997 3422 p.
1016 3358 1074 3419 315,
1099 3353 1146 3410 ubi
1170 3369 1206 3408 ex
1219 3353 1272 3421 Op-

150 3436 223 3504 pieni
241 3437 399 3492 HalieutIcis
417 3438 495 3507 plura
513 3439 605 3492 similis
618 3439 794 3506 correptionis
807 3439 930 3506 exempla
943 3439 1067 3492 citantur.
1085 3469 1117 3479 -
1136 3439 1194 3491 614
1208 3439 1271 3506 σάμ-

151 3522 194 3572 dra
212 3522 245 3574 δ’
263 3523 295 3574 A.
313 3553 347 3562 —
371 3524 425 3575 615
445 3524 474 3573 ἐν
494 3523 569 3577 codd.
588 3528 615 3576 et
636 3523 694 3577 edd.
713 3528 776 3576 ante
797 3523 901 3589 Herm,
926 3523 972 3590 qni
996 3523 1078 3576 tacite
1103 3522 1134 3574 ἒν
1160 3512 1271 3591 scripsit

151 3603 212 3656 ἔνθ’
231 3604 278 3673 ὅγε
295 3606 462 3660 scribendum
481 3622 539 3660 esse
551 3609 597 3660 vix
610 3606 742 3660 dubitavit
754 3607 865 3666 Gesner,
884 3609 913 3659 ἐν
932 3623 981 3675 pro
1000 3608 1029 3658 ἐν
1043 3608 1137 3666 αὐτοῖς
1155 3607 1270 3675 elliptics

150 3694 181 3742 ut
198 3704 279 3757 saepe
303 3690 375 3758 apud
396 3692 543 3745 Homerum
565 3690 665 3745 dictum
689 3706 746 3744 esse
770 3697 845 3745 ratus
868 3692 934 3744 nihil
955 3691 1112 3744 mutandum
1136 3706 1197 3746 esse
1214 3705 1270 3746 ceu·

150 3772 203 3825 suit
218 3773 338 3841 Tyrwh.;
356 3775 591 3844 μιλτοπάρηοςΑ;
612 3775 688 3826 αὐτῶ
702 3777 735 3829 Α.
749 3806 779 3816 -
800 3775 947 3830 nChulcitin
966 3781 993 3828 et
1011 3775 1113 3828 melitin
1126 3775 1205 3829 Plinii
1221 3775 1270 3829 hue

149 3862 272 3924 spectare
296 3864 374 3926 putat
393 3859 577 3913 Schneiderns.
613 3859 702 3913 Locus
725 3860 804 3913 Plinii
828 3861 855 3913 in
878 3876 930 3928 quo
955 3861 1004 3914 hos
1028 3860 1133 3927 lapides
1150 3877 1168 3915 a
1186 3860 1269 3918 colore

148 3941 298 3997 nominatos
316 3944 408 4010 refert,
426 3949 468 3997 est
485 3943 615 3997 XXXVII
633 3947 673 3998 73.
705 3945 756 3998 Sed
775 3945 808 3998 de
826 3947 916 4012 priore
930 3947 1024 3999 saltem
1043 3945 1132 4013 lapide
1150 3946 1269 4005 dubitem

150 4023 221 4092 licet,
239 4042 320 4094 quum
338 4027 365 4080 in
377 4029 501 4082 Achaten
519 4045 572 4082 non
591 4034 729 4096 expetant,
749 4045 818 4096 quse
837 4029 900 4083 alibi
919 4031 951 4084 de
970 4046 1002 4084 co
1021 4029 1161 4098 praedicat
1173 4030 1269 4088 renim
