2866 4620
462 995 968 1096 PRAEFATIO.

664 1219 764 1228 ...ο-

155 1323 316 1442 Carmen
338 1387 491 1450 graecum
513 1368 554 1433 de
575 1366 747 1450 lapidibus,
771 1365 857 1449 quod
879 1386 964 1431 nunc
985 1365 1114 1432 demum
1136 1366 1180 1433 ad
1196 1367 1279 1452 opti·

154 1488 280 1532 morum
302 1468 449 1534 codicum
470 1469 567 1534 fidem
588 1467 780 1534 recensitum
803 1466 919 1544 editur,
947 1468 1071 1533 cuinam
1100 1469 1225 1537 auctori
1246 1475 1279 1536 et

155 1571 258 1635 aetati
279 1569 529 1635 adscribendum
552 1571 603 1648 sit,
626 1590 686 1653 per
708 1568 827 1634 multos
849 1588 950 1633 annos
971 1589 1089 1652 magna
1110 1570 1171 1635 luit
1189 1570 1277 1636 dubi-

154 1671 247 1735 tatio.
293 1670 457 1753 Orpheum
479 1673 581 1736 nostri
603 1670 753 1737 carminis
776 1676 940 1735 auctorem
963 1670 1061 1736 luisse
1087 1679 1162 1754 post
1187 1692 1279 1756 pree-

154 1771 262 1837 cleras
285 1772 451 1855 Tyrwhitti
479 1773 717 1838 lucubrationes
746 1792 839 1836 nemo
866 1771 1004 1854 amplius
1031 1772 1151 1838 credet.
1194 1773 1279 1839 Saue

151 1874 216 1938 iam
253 1872 400 1939 Proclum
435 1879 468 1937 et
501 1873 674 1938 Stobaeum
708 1872 834 1937 Lithica
867 1872 997 1955 Orpheo
1029 1874 1216 1941 attribuisse
1246 1882 1279 1940 et

151 1974 271 2057 passim
303 1974 337 2037 iu
367 1973 517 2056 operibus
548 1975 613 2038 suis
640 1973 821 2038 laudavisse
852 1972 973 2039 Gesner
1002 1974 1191 2055 affirmavit,
1222 1977 1279 2043 sod

151 2098 172 2141 a
198 2076 313 2142 Proclo
343 2076 468 2141 lithica
497 2097 653 2160 nusquam
677 2075 770 2139 citari
792 2076 857 2139 iam
884 2074 971 2140 idem
995 2076 1150 2159 Tyrwhitt
1171 2098 1212 2144 ox
1233 2077 1280 2143 in·

153 2178 225 2244 dice
246 2178 437 2242 Fabriciano
460 2178 653 2258 scriptorum
675 2196 696 2239 a
711 2174 822 2240 Proclo
845 2181 1096 2242 memoratorum
1119 2177 1278 2261 probavit,

153 2285 186 2345 et
208 2277 336 2344 Lobeck
358 2301 398 2344 ex
421 2279 547 2359 saepius
570 2277 719 2360 perlectis
742 2275 845 2341 Procli
869 2278 1105 2343 commentariis
1129 2280 1162 2343 in
1186 2277 1278 2362 Agla-

151 2381 284 2463 ophami
300 2379 359 2444 vol.
375 2379 399 2457 Ι,
417 2400 448 2461 p.
461 2381 523 2444 377
540 2379 693 2458 firmavit;
708 2378 848 2443 Stobaeo
865 2384 972 2443 autem
988 2380 1074 2445 locos
1090 2401 1129 2445 ex
1145 2381 1279 2447 Lithicis

151 2485 267 2550 citatos
290 2504 310 2547 a
333 2481 482 2548 Conrado
497 2480 639 2546 Gesnero
663 2480 789 2545 demum
813 2480 941 2546 additos
963 2501 1033 2546 esse
1054 2482 1170 2549 iterum
1193 2491 1280 2550 recte

151 2585 232 2651 vidit
255 2582 427 2666 Tyrwhitt‚
459 2601 561 2663 neque
590 2581 686 2644 hodie
716 2579 772 2643 ulli
795 2580 989 2645 dubitationi
1017 2581 1195 2648 subiectum
1220 2592 1278 2651 est.

151 2687 231 2750 Cum
254 2690 360 2749 autem
385 2703 448 2764 qno
480 2689 623 2764 tempore
652 2681 767 2746 vixerit
789 2681 955 2764 graeculus
982 2681 1036 2748 ille
1063 2684 1117 2767 qui
1140 2683 1278 2753 Lithico·

151 2808 221 2851 rum
239 2785 413 2869 epitomem
430 2783 611 2867 prosaicam
629 2783 773 2862 confecit,
797 2789 997 2867 compertum
1013 2807 1077 2852 non
1093 2785 1279 2868 babeamus,

150 2909 253 2971 neque
276 2893 388 2953 auctor
396 2889 420 2970 ¹)
445 2886 634 2969 Compendii
653 2886 839 2951 Rhetorices
862 2907 882 2950 a
904 2886 1026 2952 Walzio
1048 2889 1082 2952 in
1105 2889 1280 2957 Rhetorum

151 2989 347 3056 Graecorum
379 2995 470 3054 sexto
501 2988 658 3053 volumine
689 2992 887 3070 postremum
916 2987 994 3053 editi
1017 2995 1093 3054 ante
1115 3009 1197 3056 saec.
1221 2990 1279 3057 XV

149 3090 310 3166 floruerit,
340 3090 464 3156 nullum
493 3097 569 3154 aute
599 3089 757 3154 loannem
788 3090 934 3154 Taetnam
970 3096 1133 3156 auctorem
1163 3090 1280 3158 efferre

153 3214 332 3276 possumus,
357 3194 410 3278 qui
434 3191 558 3255 Lithica
577 3190 706 3272 Orpheo
729 3189 920 3255 attribuerit.
955 3191 1053 3256 Recte
1076 3197 1183 3258 autem
1207 3213 1280 3261 oon·

152 3295 256 3360 tandit
285 3294 441 3378 Tyrwhitt
470 3293 554 3358 omni
584 3292 748 3357 iudicandi
776 3291 929 3358 facultate
961 3293 1148 3358 destitutum
1183 3294 1280 3361 fuisse

221 3465 244 3528 1)
262 3462 395 3515 Matthiae
414 3461 583 3515 Camariotae
602 3460 654 3514 hoc
678 3459 863 3527 compendium
886 3460 1047 3514 attribuerat
1068 3463 1171 3529 primus
1193 3461 1281 3517 editor

150 3546 335 3613 Hoeschelius,
349 3551 448 3599 etanta
458 3545 586 3597 Taetzam
601 3545 658 3597 eius
668 3552 804 3598 auctorem
815 3544 912 3597 vixisse
922 3545 1059 3599 Valentini
1072 3545 1143 3600 Rosa
1153 3555 1212 3600 erat
1221 3562 1279 3601 sen·

151 3631 245 3684 tentia.
273 3631 325 3685 Sed
338 3631 483 3698 Georgium
496 3629 663 3691 Plethonem,
682 3628 728 3696 qui
746 3644 769 3681 a.
787 3633 849 3682 1451
868 3629 942 3697 obiit,
961 3637 1098 3683 auctorem
1111 3631 1193 3685 luisse
1205 3639 1279 3687 recte

151 3712 289 3768 contendit
300 3714 389 3782 Walz,
408 3713 455 3782 qui
471 3713 542 3766 hunc
560 3711 667 3764 titulum
680 3712 809 3779 opusculo
824 3711 964 3780 praefixit:
983 3711 1119 3783 Propriae
1133 3713 1280 3786 Πλήθωνος

152 3798 275 3865 cecrope)
293 3801 360 3867 περί
375 3817 455 3851 τινων
473 3801 568 3867 μερῶν
590 3801 639 3866 τῆς
658 3797 811 3865 ῥητορικῆς.
846 3797 877 3849 In
899 3814 951 3864 quo
972 3798 1128 3865 compendio
1149 3799 1181 3854 de
1200 3807 1278 3856 antro

151 3879 280 3933 Mercurii
303 3896 321 3935 a
345 3890 435 3936 nostro
461 3888 544 3949 poeta
567 3881 701 3935 celebrato
725 3881 886 3935 mentionem
910 3881 975 3935 facit
1000 3891 1096 3937 auctor
1118 3901 1136 3952 p
1163 3889 1213 3940 593
1237 3885 1278 3940 ed.

151 3962 253 4017 wala:
271 3966 321 4033 τὴν
335 3965 485 4035 δεινότητα,
503 3967 572 4018 κατὰ
588 3966 699 4036 ῥήτορα
714 3967 868 4035 γράφοντα,
886 3967 929 4019 διὰ
941 3972 996 4019 τῶν
1009 3968 1149 4037 §paularim
1162 3968 1278 4041 ἄντρων,

151 4048 189 4108 ὡς
203 4046 316 4117 Ὀρφεὺς
332 4049 413 4116 λέγει,
433 4050 626 4120 διαδραμόντα.

202 4135 286 4184 Abel,
300 4135 382 4186 Orphei
396 4135 490 4177 Lituica.
1112 4145 1122 4194 1
