2866 4620
628 326 818 387 ..7-

161 512 232 597 quis
254 517 375 576 temere
397 509 593 577 affirmatum
616 510 742 591 iudicet,
766 531 881 579 moneo
902 510 935 576 in
957 511 1103 578 omnibus
1122 511 1286 579 deteriori·

159 613 220 679 bus
242 612 403 679 codicibus
424 617 517 678 tanta
538 613 616 678 vitia
636 613 798 679 levissima
818 613 852 678 in
871 615 1041 697 Aquoque
1056 619 1186 698 reperta
1200 613 1285 680 inve·

159 715 229 794 niri,
242 720 279 780 ut
290 715 318 779 is
330 715 385 801 qui
396 714 589 782 deteriorum
602 715 745 780 codicum
758 715 969 798 archetypum
983 716 1171 795 exaramrit,
1180 714 1285 781 officio

160 836 218 883 suo
248 814 520 900 neglegentissime
549 814 676 881 iunctus
705 835 774 881 esse
797 815 959 898 putandus
982 816 1033 882 sit.
1075 817 1151 883 Fuit
1178 821 1285 883 autom

160 916 264 983 scriba
273 916 393 983 codicis
404 917 498 982 huius
509 916 677 1001 archetypi
688 917 868 983 Demetrius
881 917 1003 983 Moschi
1012 917 1284 985 Lacedaemonius

159 1018 200 1084 de
224 1039 289 1102 quo
311 1039 420 1084 omnes
435 1025 511 1085 ante
533 1039 583 1083 me
606 1019 745 1087 editores
767 1019 855 1099 nihil,
878 1027 915 1084 ut
930 1020 1064 1099 videtur,
1084 1026 1284 1103 compertum

158 1119 349 1186 habuerunt.
398 1121 465 1206 Ego
487 1141 570 1205 quae
595 1122 628 1186 in
649 1121 723 1188 Lilii
745 1121 891 1205 Gregorii
913 1122 1048 1206 Gyraldi
1071 1122 1284 1189 Ferrariensis

163 1223 335 1307 »Dialogis
366 1224 491 1291 duobus
521 1225 561 1289 de
590 1226 694 1307 poetis
722 1232 902 1291 nostrorum
936 1229 1141 1308 temporum«
1178 1223 1285 1307 reperi

159 1326 257 1409 (llor.
285 1330 362 1393 1551
396 1349 427 1410 p.
453 1329 507 1410 60)
531 1328 692 1410 exscripta
714 1328 756 1393 ab
779 1327 884 1394 llodio
906 1328 939 1391 in
961 1326 1045 1393 libro
1072 1325 1130 1392 »do
1152 1325 1284 1391 Graecis

158 1427 336 1495 illustribus
355 1428 484 1512 linguae
499 1428 642 1495 Graecae
664 1429 894 1514 literarumque
916 1431 1141 1497 humaniorum
1163 1430 1284 1497 instau-

160 1531 340 1598 ratorihus«
360 1534 405 1616 (p.
424 1533 498 1616 134)
515 1533 566 1597 hic
581 1553 757 1616 apponam:
788 1533 947 1616 »Reliquit
960 1533 1013 1598 hic
1030 1533 1062 1618 [J
1066 1534 1115 1599 oh.
1135 1533 1284 1600 Moschus

158 1635 445 1718 Lacedaemonius]
475 1634 593 1700 liberos
621 1634 718 1712 duos,
753 1635 808 1717 qui
837 1640 976 1718 paterna
1005 1635 1139 1718 vestigia
1168 1633 1284 1700 sectati

158 1736 259 1801 literis
287 1757 420 1818 operam
448 1743 623 1816 naverunt,
652 1735 823 1819 Georgium
847 1743 879 1802 et
902 1738 1157 1816 Demetrium,
1189 1756 1284 1824 quem

159 1846 210 1915 tu,
235 1838 310 1916 Lili,
333 1837 434 1919 probe
456 1838 596 1915 novisti,.
609 1859 682 1902 nam
706 1845 739 1904 et
760 1839 928 1904 Ferrarius
950 1861 1022 1905 eum
1045 1839 1229 1923 Rhangonis
1251 1843 1284 1903 et

159 1940 361 2006 Mirandulae
381 1961 453 2006 cum
469 1939 551 2004 Picis
574 1939 761 2023 aliquandiu
776 1941 873 2007 ambo
896 1943 1086 2021 convixistia
1112 1941 1168 2007 sed
1184 1939 1282 2006 Geor·

157 2044 227 2126 gius
259 2042 418 2126 Corcyrae
448 2041 607 2121 substitit,
642 2042 821 2109 medicinae
852 2049 884 2110 et
913 2047 1073 2111 oratoriae
1103 2047 1181 2111 artis
1209 2065 1283 2130 pro·

157 2146 269 2212 sessor.
325 2144 512 2228 Composuit
547 2152 654 2211 autem
688 2146 923 2212 Demetrius
957 2148 1100 2213 carmina
1134 2147 1281 2230 plurima.

160 2248 411 2330 Epigrammata,
435 2247 574 2329 Elegiae,
599 2246 788 2312 Comoedias
804 2269 867 2313 non
883 2249 914 2312 in
931 2247 1104 2330 publicum,
1129 2248 1185 2312 sod
1204 2248 1283 2313 ami·

158 2349 204 2414 cis
228 2349 386 2415 duntaxat
408 2349 569 2422 exhibuit,
598 2349 760 2415 heroicum
790 2371 864 2414 vero
892 2370 1020 2414 carmen
1050 2369 1214 2434 aggressus
1242 2349 1282 2416 de

157 2453 279 2518 Helena
309 2452 417 2535 palam
452 2452 599 2517 omnibus
632 2473 782 2517 excusum
816 2452 902 2534 typis
933 2451 1104 2534 legendum
1137 2451 1281 2528 tradidit,

157 2554 286 2638 [Rhegii
315 2576 343 2619 a.
375 2557 489 2634 15001,
519 2554 551 2618 in
581 2575 645 2635 quo
675 2554 758 2618 mira
785 2559 834 2618 est
862 2553 1015 2634 facilitas;
1044 2555 1221 2636 composuit
1250 2559 1282 2620 et

157 2659 318 2724 orationes
334 2657 501 2740 quasdam,
523 2655 591 2720 sed
613 2661 653 2721 et
676 2654 1051 2720 commentariolum
1073 2655 1114 2718 in
1135 2653 1282 2737 Orphei

157 2760 205 2826 de
238 2758 466 2841 Lapidibus
496 2758 682 2843 opusculum
712 2759 744 2822 in
774 2757 913 2843 gratiam
943 2757 994 2827 Jo.
1025 2758 1137 2825 Franc.
1168 2756 1280 2840 Picio.

159 2866 218 2932 llic
242 2863 382 2950 primum
407 2863 564 2946 Venetiis,
590 2890 665 2933 mox
686 2863 855 2932 Ferrariae
877 2872 910 2931 et
931 2863 1083 2931 Mantuae
1106 2864 1283 2930 diversatus

160 2974 224 3048 est,
259 2971 377 3052 quibus
409 2972 487 3037 locis
521 2971 638 3036 multos
671 2969 785 3034 hahuit
816 2967 996 3051 discipulos.
1048 2968 1112 3033 Sed
1144 2968 1210 3031 iam
1241 2965 1281 3032 de

159 3070 297 3137 Moschis
320 3074 399 3137 satis
422 3093 442 3138 a
463 3093 515 3137 me
538 3073 687 3137 dictum«
725 3071 816 3136 Hunc
840 3075 947 3135 autem
969 3070 1166 3135 Demetrium
1182 3067 1280 3132 Lithi-

159 3159 271 3238 oorum'
299 3174 472 3239 editionem
502 3194 537 3238 re
564 3195 642 3239 vera
670 3175 831 3257 paravisse
854 3172 903 3238 vol
930 3173 1005 3237 inde
1035 3171 1205 3237 verisimile
1233 3170 1280 3250 fi,

157 3274 244 3357 quod
273 3275 307 3339 in
338 3275 478 3340 eiusdem
509 3277 653 3341 oratione
676 3277 818 3359 quadem
839 3274 994 3357 inedita4)
1023 3275 1108 3339 inter
1135 3278 1282 3342 auctores

220 3425 244 3491 ⁸)
271 3425 339 3479 Olim
368 3427 395 3479 in
424 3427 502 3494 epist.
532 3444 558 3495 p.
581 3431 598 3480 4
627 3427 829 3496 opusculum
857 3429 909 3483 hoo
937 3427 1008 3483 idem
1037 3444 1095 3482 esse
1124 3426 1225 3483 credidi
1248 3443 1284 3483 ac

153 3509 398 3563 commentariolum
416 3510 443 3562 in
461 3509 562 3577 Orphei
578 3511 695 3578 Lithica,
715 3527 797 3579 quare
814 3513 927 3567 Joannis
945 3513 1082 3567 Francisoi
1102 3514 1160 3567 Pici
1181 3514 1281 3568 Miran-

153 3595 232 3648 dulaa
251 3595 381 3663 principis
398 3594 486 3664 gratia
498 3594 667 3649 Lithicorum
686 3597 805 3651 codicem
823 3598 989 3651 aDemetrio
1007 3604 1149 3651 exaratum
1166 3604 1194 3652 et
1211 3612 1281 3651 oom-

151 3679 282 3734 mentario
305 3680 464 3734 instructum
488 3693 546 3733 esse
569 3679 632 3733 dixi.
669 3680 754 3748 Quam
778 3681 938 3735 sententiam
962 3698 1032 3737 nunc
1054 3697 1160 3751 quoque
1183 3690 1273 3746 teneo,

152 3761 216 3816 licet
234 3779 333 3831 negare
352 3780 405 3819 nou
423 3764 524 3832 possim
548 3763 581 3818 de
600 3764 653 3819 alio
672 3764 788 3833 quodam
807 3766 936 3834 opusculo
948 3767 1086 3821 Francisci
1105 3768 1162 3823 Pici
1180 3769 1282 3836 nomina

155 3846 282 3916 inscripto
301 3849 448 3918 Gyraldum
467 3849 587 3917 cogitare
605 3850 733 3918 potuisse.

221 3933 244 3998 ⁴)
262 3932 294 3986 ln
312 3931 369 3986 cod.
383 3933 506 3988 Ambros.
526 3934 554 3988 O.
568 3938 603 3988 80
621 3934 666 3988 ini.
687 3942 758 4002 (meo
771 3935 812 4001 M)
826 3941 914 3989 extat:
941 3941 992 3989 τοῦ
1011 3937 1098 3990 αὐτοῦ
1110 3938 1172 4006 (hoc
1185 3945 1281 4007 postea

150 4014 283 4083 additum)
306 4016 457 4088 δημητρίου
473 4018 579 4090 μόσχου
597 4024 645 4073 τοῦ
664 4020 781 4080 λάκωνος
802 4021 872 4090 πρὸς
896 4021 943 4074 τὸν
962 4023 1044 4075 αὐτὸν
1068 4023 1164 4093 (αὐτὸν
1183 4030 1283 4092 postea

149 4099 281 4169 additum)
297 4106 432 4172 περιφανῆ
444 4103 592 4175 dqadrproa
610 4105 741 4173 λάσιαριν
760 4106 807 4157 τὸν
819 4107 1060 4177 πρωτοστράτορα
1078 4110 1272 4180 στρατηγικός,
