2866 4620
591 321 823 385 -102-

149 505 237 575 »qnod
254 521 306 560 uuo
325 505 384 559 loco
402 510 516 573 excepto
534 503 679 558 secundam
696 503 831 572 producit,
850 504 897 558 sed
915 503 950 557 ab
968 504 1100 558 adiectiro
1120 505 1271 573 στροβιλὸς

92 586 96 593 '
148 591 265 646 secunda
277 589 360 657 brevi,
380 592 451 658 quod
470 596 499 644 ut
519 590 680 660 στροβελός,
698 589 860 657 προβολάς,
878 590 1013 658 στρεβλός
1030 591 1162 644 incurvati
1181 597 1209 644 et
1227 608 1269 646 ar·

149 676 221 731 cunti
239 675 375 729 notionem
392 674 498 728 habet«
518 704 549 715 -
569 675 632 727 676
647 674 771 743 γλήνοισι
789 674 865 728 codd.
885 680 913 727 et
931 673 990 729 edd.
1010 682 1072 728 ante
1085 676 1191 738 Herm.;
1210 682 1271 744 τεῇ·

149 779 191 813 σιν
208 761 242 828 Α,
260 765 338 828 τεῆσι
355 761 392 822 B;
411 760 544 813 κυλίκεσσι
561 760 599 813 Μ.
627 790 660 801 ·-
688 761 752 812 674
771 761 866 826 ἀνέρος
886 762 920 828 A,
941 761 1041 828 ἀνδρός
1058 765 1086 813 τ’
1106 762 1183 816 codd.
1204 761 1270 817 dett.

148 849 176 899 et
194 844 254 898 edd.
272 860 371 898 omnes.
401 844 502 898 Locum
521 846 596 913 gravi
615 845 769 912 corruptela
788 845 910 899 laborare
928 846 1030 912 primus
1047 847 1186 914 perspexit
1198 845 1270 900 Wiel

149 946 175 997 p.
194 932 240 983 16:
263 927 343 994 »Quis
361 929 431 982 enirn
449 945 566 997 unquam
584 930 713 999 ὁμιλήσας
730 930 881 981 κυλίκεσσιν
903 929 936 982 de
955 929 1045 998 lapide
1062 931 1197 998 intelligat
1216 947 1273 999 po·

149 1012 237 1069 culis
255 1013 448 1066 immixtus?
471 1013 567 1068 deinde
585 1030 667 1082 quum
684 1014 711 1066 in
730 1014 828 1067 talibus
846 1014 1013 1068 mistionibus
1032 1022 1135 1068 certum
1152 1017 1270 1083 aliquem

149 1099 279 1168 liquorem
296 1097 407 1152 indicari
421 1099 525 1166 parsit,
543 1098 619 1166 isque
631 1099 659 1151 in
672 1099 769 1152 ceteris
786 1098 866 1152 huius
883 1100 1007 1152 carminis
1025 1099 1057 1152 dc
1070 1115 1099 1152 rc
1111 1099 1192 1153 simili
1204 1100 1269 1154 locis

149 1199 285 1252 nunquam
296 1199 349 1237 non
360 1183 504 1236 indicetur:
523 1184 614 1252 qualia
631 1184 742 1237 tandem
760 1184 804 1237 bic
816 1183 1001 1251 significantur
1013 1185 1130 1251 pocula?
1150 1201 1185 1238 an
1197 1185 1271 1241 vinis

150 1285 185 1324 nu
202 1268 299 1323 lactis?
320 1283 354 1322 an
371 1267 475 1323 mellis?
499 1268 562 1337 quid
580 1284 660 1336 porro
679 1269 706 1321 in
724 1268 809 1322 altero
829 1284 907 1322 versu
925 1269 1038 1340 γλήνρσι
1057 1269 1171 1336 dativus,
1190 1270 1217 1322 in
1235 1269 1274 1323 al·

150 1361 208 1410 tero
227 1355 360 1423 genitivus
377 1354 492 1416 αἰδοίων,
511 1359 624 1421 uterque
641 1354 744 1422 pariter
761 1354 881 1421 pendens
899 1355 933 1407 ab
952 1352 1033 1414 ἄιοςλ
1070 1354 1194 1422 Denique
1213 1356 1272 1422 quis

151 1456 185 1494 ex
201 1439 305 1508 poculis
327 1438 435 1492 hauriat
457 1438 561 1504 lapides
585 1453 684 1506 eosque
702 1454 755 1492 non
778 1440 856 1492 tritos
879 1454 965 1506 neque
988 1439 1109 1492 solutos?
1136 1456 1217 1506 quum
1243 1447 1273 1494 ut

151 1540 194 1579 res
212 1525 285 1592 ipsa,
307 1524 346 1577 ita
363 1523 463 1576 veteris
480 1523 546 1576 artis
563 1521 682 1576 medicae
700 1524 812 1578 historia
831 1524 926 1578 doceat
944 1523 1080 1577 oculorum
1098 1525 1190 1591 pravis
1208 1525 1276 1579 affe·

151 1608 283 1663 ctionibus
300 1615 438 1675 unguenta
454 1609 545 1676 potius
563 1625 642 1676 quam
654 1610 777 1677 potiones
791 1616 818 1662 et
830 1608 981 1662 adhibenda
999 1623 1057 1662 esse
1077 1615 1104 1662 et
1122 1610 1269 1666 adhibitae

152 1693 264 1761 Scripsit
282 1709 346 1760 ergo

305 1812 348 1864 καὶ
364 1812 467 1883 γλήνῃς
484 1812 560 1883 λλλῇς
579 1813 682 1881 [debuit
700 1820 772 1867 certe
790 1812 900 1883 γλήναις
917 1813 1011 1884 λλλικῖς]
1029 1816 1072 1867 καὶ

763 1899 938 1967 ὀμιχλήσσαις
956 1899 1106 1952 κυλίλεσσιν

305 1984 405 2052 ἀνδρός
422 1985 451 2034 τ’
470 1983 560 2053 αἰδοίῳ
578 1980 643 2041 ἄκος
661 1981 778 2043 ἔσσεται,
797 1983 826 2041 ὅς
843 1985 870 2051 κ’
889 1983 1023 2055 ἐπιθῇσιν,

153 2117 180 2171 id
204 2124 245 2173 est
269 2125 314 2172 »et
334 2119 442 2188 pupulis
465 2118 534 2171 limis
558 2118 759 2184 obscuratisque
778 2117 862 2172 oculis
880 2119 1069 2187 virilibusque«
1089 2127 1150 2186 etc,
1175 2123 1275 2178 collato

153 2202 286 2270 Aeschylo
310 2204 397 2256 Prom.
420 2207 468 2257 145
491 2203 592 2265 ἐμοῖσιν
621 2203 714 2262 ὄσσοις
740 2205 834 2274 ὁμίχλη
862 2207 988 2275 προσῇξε
1012 2208 1116 2276 πλήρης
1140 2208 1276 2276 δακρύων.

155 2286 247 2353 »Quod
266 2301 344 2354 quam
362 2287 591 2341 accommodatum
609 2288 644 2339 sit
662 2289 771 2342 consilio
790 2296 888 2354 poetae
905 2290 932 2342 in
945 2296 1040 2356 aperto
1052 2298 1101 2344 est.
1132 2292 1277 2347 Praedicat

154 2371 225 2424 enim
251 2386 331 2424 versu
354 2374 404 2424 660
431 2372 525 2442 [vulg]
554 2372 699 2426 haematite
727 2388 831 2427 omnem
856 2375 992 2428 oculorum
1018 2375 1118 2429 labcm‘
1133 2377 1276 2439 removeri,

154 2454 226 2526 quod
243 2455 339 2509 deinde
363 2456 390 2507 in
414 2456 639 2523 subsequentibus
662 2457 782 2510 versibus
807 2473 856 2524 per
881 2458 1000 2525 singulas
1022 2459 1160 2514 oculorum
1183 2468 1276 2530 partes

155 2541 306 2598 accuratius
324 2543 435 2610 exponit
452 2559 476 2596 v.
490 2546 541 2598 664
555 2542 648 2612 [vulgi]
669 2543 702 2596 de
721 2543 866 2610 palpebris,
886 2560 909 2595 v.
923 2546 973 2598 667
988 2544 1081 2614 [vulp]
1100 2561 1183 2613 supra
1201 2546 1277 2600 resti·

154 2635 213 2682 tuto
232 2628 264 2682 de
283 2628 392 2695 pupulis
408 2627 477 2681 limis
495 2668 580 2681 .....
599 2628 747 2695 Epitheton
759 2635 850 2681 autem
868 2628 1004 2699 ὀμιχλήεις
1023 2630 1045 2681 si
1057 2629 1101 2682 cui
1112 2631 1200 2684 minus
1213 2636 1276 2699 apte

155 2714 187 2767 de
204 2713 342 2781 palpebris
360 2713 412 2766 dici
429 2714 514 2767 visum
532 2712 628 2774 fuerit,
646 2714 714 2767 nibil
731 2712 861 2776 obstabit,
882 2715 1038 2781 quominuS,
1056 2715 1130 2768 utin
1148 2716 1278 2785 βλέφαρα

155 2812 236 2866 saepe
253 2797 312 2850 fieri
330 2796 457 2864 videmus,
475 2799 514 2852 ita
531 2798 635 2858 κυλίδες
652 2804 789 2867 tamquam
802 2805 908 2866 partem
926 2805 1045 2865 prototo
1064 2799 1198 2867 intelligat
1217 2816 1278 2855 ocu·

155 2883 209 2948 los;
232 2889 280 2935 aut
303 2883 325 2934 si
342 2897 375 2935 ne
393 2882 445 2936 hoc
463 2882 569 2950 quidem
587 2881 733 2950 placuerit,
757 2884 831 2950 legat
851 2884 988 2950 οῖιλολέας,
1012 2884 1083 2951 qnod
1105 2890 1133 2937 et
1155 2885 1244 2953 ipsum
1261 2901 1279 2939 a

155 2967 264 3035 runata
282 2967 416 3037 scriptura
435 2983 487 3021 non
505 2967 615 3020 nimium
632 2967 743 3021 recedit.
778 2968 835 3021 Iam
852 2983 915 3021 vero
934 2975 1011 3034 patet
1029 2984 1109 3036 quam
1126 2984 1213 3035 paene
1231 2984 1274 3023 nc-

156 3053 271 3108 cessario
282 3053 356 3122 prior
374 3068 448 3106 error
460 3053 487 3106 in
499 3052 631 3105 κυλίκεσσι
639 3053 794 3106 commissus
806 3068 895 3106 secum
906 3054 1020 3106 traxerit
1032 3053 1154 3121 alterum,
1165 3070 1219 3122 quo
1229 3070 1277 3122 pro

156 3139 282 3210 ἐπιθῇσιν
307 3137 469 3195 scriberetur
488 3156 519 3189 κε
537 3139 653 3209 πίῃσινι.
677 3138 835 3192 Seidenadel
853 3155 879 3206 p.
897 3142 914 3192 8
935 3140 981 3206 qui
1003 3147 1031 3191 et
1049 3139 1106 3205 ipse
1124 3140 1276 3192 κυλίδεσσιν

157 3225 321 3291 coniecerat,
344 3222 483 3290 vulgatum
499 3223 647 3275 κυλίκεσσιν
666 3229 756 3277 tamen
775 3224 883 3278 defendi
900 3240 979 3291 posse
997 3230 1073 3278 ratus
1092 3231 1145 3289 est,
1171 3242 1233 3280 cum
1250 3227 1277 3279 in

157 3309 329 3378 sequentibus
346 3308 466 3362 versibus
490 3308 523 3361 de
546 3309 651 3362 Aiace
671 3315 780 3375 agatur,
804 3310 831 3361 in
856 3309 995 3376 Sophoclis
1018 3314 1108 3361 autem
1130 3309 1237 3364 Aiace
1253 3327 1277 3364 v.

159 3397 225 3449 1172
244 3393 309 3446 οὔτε
326 3393 444 3458 findenda
467 3394 609 3446 κυλίκων
634 3398 723 3456 νεῖμεν
747 3394 806 3457 ἐμυλ
829 3395 927 3461 τέρψιν
946 3394 1048 3457 ὁμιλεῖν
1067 3394 1183 3460 legatur.
1213 3382 1278 3464 'Ego

156 3485 219 3548 post
237 3495 261 3532 r.
280 3480 330 3534 673
349 3478 451 3546 aliquot
468 3493 592 3531 versuum
610 3478 741 3531 iacturam
764 3478 919 3545 significavi,
945 3478 1016 3546 quod
1034 3485 1107 3532 recte
1123 3495 1165 3532 me
1183 3479 1279 3535 iecisse

157 3566 286 3634 probatur
297 3566 323 3617 A
340 3565 401 3617 libri
412 3564 545 3631 scriptura
564 3564 706 3630 ἀνέροςίιι
724 3564 902 3618 deterioribus
920 3564 1055 3618 codicibus
1074 3565 1186 3618 lacunae
1206 3566 1268 3619 obte

158 3651 262 3722 gendae
280 3665 362 3704 causa
379 3665 521 3717 perperam
539 3655 655 3717 mutata,
673 3649 859 3716 Damigeronis
877 3649 935 3703 loco
953 3650 1144 3716 supracitato:
1165 3655 1209 3702 oet
1225 3665 1280 3704 om-

158 3752 218 3790 nem
230 3738 367 3790 oculorum
383 3735 502 3789 dolorem
520 3723 743 3788 infusus'cum
761 3735 851 3788 lacte
869 3734 1024 3788 mulieris
1043 3740 1145 3799 curate,
1164 3734 1280 3802 denique

158 3836 191 3874 eo
208 3835 328 3888 quoque,
353 3820 425 3887 quod
447 3820 485 3873 sic
510 3819 616 3873 demum
639 3834 730 3872 omues
751 3819 923 3874 difficultates
942 3835 1009 3887 quas
1027 3819 1099 3874 Wiel
1124 3819 1281 3887 invulgata

159 3906 291 3974 scriptura
316 3905 490 3973 reprehendit
515 3910 543 3958 et
569 3904 760 3958 violentissima
782 3906 930 3958 mutatione
954 3905 1072 3967 sanarit,
1099 3911 1279 3959 remorentur.

160 3989 238 4057 Quod
254 3988 289 4042 ad
306 3990 436 4060 ὁμιλήσας
453 3991 601 4043 κυλίκεσσιν
621 3990 724 4056 attinet,
746 3989 822 4043 lactis
837 3990 973 4043 muliebris
992 3996 1019 4043 et
1036 3989 1190 4042 haematitis
1208 4005 1280 4043 men·

159 4074 260 4130 tionem
284 4090 344 4128 cum
365 4089 399 4128 eo
421 4077 591 4130 coniunctam
613 4075 695 4128 fnisse
717 4079 798 4143 puto:
825 4074 863 4128 nsi
882 4080 971 4128 autem
996 4074 1029 4127 in
1053 4074 1192 4142 poculis
1212 4074 1281 4142 lapis
