2866 4620
612 322 824 386 ..73-

154 507 185 562 lu
201 512 298 576 sparto
315 507 376 562 sit«.
394 505 488 562 Wial.
505 523 531 576 p.
549 509 592 561 22.
625 505 758 575 Equidem
776 504 891 566 είκελίος
907 521 1020 577 usquam
1038 508 1089 562 nisi
1107 507 1134 562 in
1152 509 1282 577 composi-

155 592 194 647 tis
209 591 325 661 reperiri
341 590 444 657 dubito,
462 606 546 660 quare
565 592 748 645 Hermaunum
765 598 873 646 secutus
891 607 956 646 snm.
982 623 1014 634 -
1041 593 1196 664 ροτίδεσσιν
1214 592 1236 646 Ρ
1253 593 1281 647 iu

155 683 245 742 textu
264 692 333 733 corr.
350 693 384 730 ιιι.
402 693 443 745 pr.
462 676 490 730 in
501 692 585 744 marg.
604 705 636 716 -
656 677 719 729 366
738 678 827 747 ἤματα
845 677 921 732 codd.
940 684 968 730 et
985 675 1045 732 edd.
1064 684 1127 732 aute
1145 676 1279 746 Steph-

154 762 222 817 666
241 760 302 831 τρίς
323 762 372 830 λς’
388 761 458 814 ἑπτὰ
476 758 551 815 codd.
570 767 597 816 et
619 761 694 829 edd,
713 762 772 829 τρί’
791 761 838 829 ἐφ’
861 762 929 814 ἑπτὰ
953 762 1020 817 coni.
1039 762 1142 816 Gesner
1164 770 1190 817 et
1215 763 1281 819 mihi
1382 804 1387 812 .

155 861 265 918 quoque
278 846 340 916 τρίς
355 847 404 913 dp’
419 845 488 898 ἕκτα
508 852 581 901 »ter
593 862 676 915 supra
693 854 818 914 septem«
837 848 883 900 vix
899 862 995 915 graece
1007 847 1059 902 dici
1074 862 1153 916 posse
1168 846 1280 905 ridetur.

154 932 260 989 'l'umau
275 931 389 987 nescivit
406 930 520 999 Tyrwh,
539 946 603 985 ocur
620 931 700 987 Geso.
719 933 853 1000 corrigere
871 934 987 987 voluerit
1009 936 1069 1001 τρί’
1093 934 1140 1001 ἐφ’
1159 936 1231 987 ἑπτά
1254 940 1282 991 at

153 1023 263 1075 varim
279 1025 352 1072 tres
368 1032 473 1086 supra
490 1023 620 1086 septem
638 1017 702 1072 dies.
737 1015 880 1080 Numerus,
904 1032 984 1085 quem
1000 1017 1111 1072 tradunt
1131 1019 1190 1073 edd.
1207 1019 1280 1087 vulg.

153 1108 210 1157 ter
226 1109 357 1173 septem
373 1103 485 1165 dierum
502 1104 610 1170 nemini,
629 1104 731 1172 opinor,
751 1103 786 1157 ad
803 1109 908 1157 tantum
924 1117 992 1170 opus
1013 1103 1110 1158 nimius
1122 1104 1279 1161 videbitur«.

153 1186 241 1243 Recte
258 1194 350 1243 tamen
361 1188 433 1243 Wiel
447 1191 483 1259 (p.
496 1193 541 1254 26)
558 1189 622 1243 λίσαι
639 1205 673 1243 ne
691 1189 749 1258 ipse
768 1188 831 1258 quid
852 1203 949 1243 causae
968 1189 1071 1243 Gesner
1087 1188 1213 1243 habuerit
1230 1190 1280 1243 sci-

153 1273 234 1341 verit,
249 1275 306 1341 τρί’
323 1275 371 1342 ἐφ’
388 1275 458 1327 dard
474 1273 590 1329 firmavit
607 1291 642 1329 ex
658 1275 776 1329 Taetaae
794 1274 895 1329 sebolio
909 1274 1027 1343 Exegesi
1044 1275 1072 1327 in
1089 1274 1201 1329 Iliadem
1219 1275 1279 1328 sub-

153 1358 247 1414 iuncta
264 1375 292 1428 p.
312 1363 361 1414 148
379 1359 470 1414 Herm.
489 1367 517 1414 et
535 1376 568 1414 ex
587 1361 675 1415 lacero
694 1360 785 1416 codice
803 1361 837 1415 ah
854 1361 1007 1431 Hermanno
1025 1360 1079 1415 iarn
1097 1361 1124 1414 in
1142 1359 1280 1414 Addendis

154 1449 193 1514 (p.
204 1443 307 1513 xxiv)
323 1446 425 1516 publici
441 1446 507 1500 iuris
525 1436 612 1500 inuio:
631 1448 696 1514 περί
713 1450 762 1498 τοῦ
781 1448 921 1517 σιδηρίτου
939 1446 1039 1500 τούτου
1052 1446 1077 1498 λι
1091 1487 1096 1501 .
1111 1489 1117 1500 .
1130 1487 1136 1498 .
1151 1489 1157 1500 .
1171 1445 1279 1514 δρείτου

154 1529 238 1601 φησίν
255 1530 401 1600 θ’θρφεδς
418 1533 447 1584 δν
466 1550 566 1587 τ
586 1535 625 1592 doc
642 1531 673 1585 εί
683 1551 723 1592 τις
740 1533 784 1584 ἐπί
801 1533 866 1584 δέκα
882 1533 955 1601 ἡμέρ
1061 1537 1115 1586 κύιν
1135 1533 1281 1591 συνουσίας

152 1614 300 1685 ἂγνεύσειε
318 1654 383 1672 ....
402 1618 537 1685 λοετρῶν,
555 1616 597 1669 ἔτι
615 1616 644 1669 δὲ
662 1617 704 1668 καί
722 1614 743 1668 ά
856 1617 1016 1681 διαμείναιεν
1035 1618 1157 1689 ἐμψύχου
1174 1634 1208 1685 γο

152 1699 232 1753 λούοι
248 1700 279 1753 dd
297 1701 345 1753 τδν
364 1701 440 1754 λίθον
459 1705 542 1754 τοῦτο
645 1703 688 1752 καί
711 1701 933 1772 ἀπορρύτυιπηγη
953 1721 974 1756 κ.
993 1740 1019 1756 ..
1044 1703 1126 1755 άπτοι
1145 1703 1280 1768 καθαροῖς

154 1802 282 1855 σκαργαν
304 1822 371 1842 ....
390 1805 445 1855 περ
463 1786 575 1850 παιδίον,
593 1785 636 1838 καί
653 1786 738 1856 ίπεύγ
841 1789 871 1837 ἐν
885 1789 1004 1854 ταθαρῶ
1023 1788 1129 1840 κελλίαν
1148 1786 1277 1842 τινί

152 1871 254 1941 κημούς
275 1871 433 1944 ηλυγνίαν,
457 1875 520 1935 μετ’
537 1872 552 1922 ί
634 1871 790 1940 ἐρωτήσας,
815 1871 902 1935 μάθοι
925 1874 995 1938 παρ’
1014 1873 1032 1923 δ
1117 1872 1277 1942 ἀνθρωπίνη

152 1959 232 2025 gued
249 1956 374 2025 λέγοντος
393 1975 437 2009 νεο
462 1994 527 2011 ....
552 1957 702 2025 παιδαρίου,
719 1956 784 2024 περί
800 1955 837 2008 ὧν
857 1998 963 2010 ......
984 1957 1051 2026 πλὴν
1070 1958 1152 2028 φησιν
1171 1959 1210 2018 ὡς
1227 1957 1278 2009 ἐάν

152 2058 196 2101 τις
211 2040 262 2094 dal
345 2042 413 2112 βίιύη
425 2042 520 2105 αὐτόν,
537 2042 657 2111 μεγάλης
675 2082 720 2096 ...
740 2040 912 2099 ἐπττεύξεται
929 2041 1038 2111 βλάβης
1142 2041 1223 2100 ναίιυς
1234 2039 1278 2093 καί
1299 2088 1304 2097 ,

152 2126 321 2197 τληκτιρδίυς
338 2126 378 2186 τίς
395 2128 481 2179 αὐτοῦ
495 2126 679 2191 κατακούσειε,
699 2126 827 2198 λήγοντος
841 2124 892 2197 ἤδη
905 2130 955 2179 τού
967 2126 1062 2195 λέγειν,
1081 2127 1278 2195 προσπελάσας

151 2210 237 2266 adeda
255 2215 314 2273 τοῖς
331 2211 495 2279 ὀφθαλμοῖς,
518 2211 568 2265 ίδοι
591 2211 623 2264 δν
644 2212 741 2280 ὥσπερ
760 2213 1007 2279 δπονεκρούμενον.
1041 2213 1163 2268 Indidem
1181 2228 1231 2281 ego
1250 2213 1277 2267 in

151 2296 241 2365 Epist
258 2312 285 2365 p.
304 2301 336 2353 13
353 2297 464 2351 Gesneri
483 2299 663 2352 coniecturam
681 2297 783 2351 firmavi
802 2305 829 2351 et
847 2297 924 2351 simul
942 2297 1033 2351 monui
1051 2299 1127 2365 τρεῖς
1143 2298 1191 2364 ἐφ’
1208 2298 1278 2350 ἑπτὰ

152 2380 226 2451 quod
243 2381 271 2435 in
288 2380 383 2436 eodem
394 2382 511 2436 Tretzue
529 2398 612 2451 opere
631 2398 657 2450 p.
671 2386 705 2436 23
722 2382 813 2436 Herm.
832 2381 939 2450 legitur,
957 2382 1073 2435 librariis
1090 2382 1181 2450 potius
1199 2398 1279 2452 quam

152 2465 206 2536 ipsi
224 2466 341 2521 heure
359 2464 451 2521 deberi
469 2484 518 2535 pro
536 2467 594 2534 τρί’
614 2467 661 2532 ἐφ’
680 2466 755 2519 ἑπτὰ.
774 2482 816 2519 vv.
832 2470 883 2520 366
917 2470 968 2521 366
992 2467 1062 2520 οιιίιιι
1080 2467 1146 2520 citat
1164 2467 1279 2522 Tretues

154 2550 203 2605 λλ
220 2566 248 2619 p.
264 2554 307 2614 28,
325 2551 370 2606 nbi
389 2552 488 2622 ἤματα,
506 2555 584 2620 τρεῖς
600 2553 649 2620 ἐφ’
669 2551 738 2604 ἑπτὰ
754 2552 816 2621 βίης
835 2558 862 2604 et
880 2552 923 2602 καί
940 2552 1044 2615 μίμνειν
1064 2551 1192 2614 ἀμίαντον
1213 2551 1277 2620 legi·

153 2642 201 2691 tur
217 2636 246 2690 in
264 2636 398 2705 Lipsiensi
416 2639 517 2701 codice,
535 2639 611 2692 cuius
629 2636 752 2691 adhunc
770 2637 857 2691 locum
876 2636 994 2713 scholion
1012 2637 1040 2689 in
1058 2636 1205 2690 Hermuuni
1224 2637 1278 2690 edi·

154 2719 230 2777 tione
247 2738 275 2791 p.
295 2727 344 2778 149
361 2722 461 2793 iegitur
477 2724 543 2778 hoo:
561 2726 649 2776 ταῦτα
667 2722 731 2790 περὶ
749 2725 797 2773 τοῦ
817 2721 955 2791 σιδηρίτου
974 2720 1049 2773 λίθου
1068 2724 1119 2772 τοῦ
1138 2721 1179 2773 καί
1197 2723 1212 2773 δ

151 2805 228 2877 φησί,
246 2807 312 2875 περί
323 2806 356 2861 od
368 2810 481 2875 φθάσας
492 2808 610 2869 ἐδίδαξα.
629 2840 653 2848 -
670 2808 768 2860 ίλὲνοιο
784 2807 841 2861 aif.
859 2837 892 2848 —
911 2807 975 2859 367
993 2806 1119 2874 λοεράΡ
1134 2813 1197 2861 ante
1210 2823 1277 2862 corr.

154 2920 185 2931 -
204 2891 270 2944 668
287 2893 330 2945 καί
355 2896 455 2958 σεμνὸν
481 2896 607 2946 ἀδίαντον
633 2893 709 2948 codd.
731 2900 759 2947 et
782 2892 841 2946 edd.
861 2900 923 2945 ante
942 2892 1032 2945 Herm.
1059 2891 1185 2946 ›Rectius
1207 2891 1277 2946 forte

153 2976 292 3041 ἀμίαντον.
328 2978 379 3034 Sed
404 2997 491 3051 neque
515 2983 613 3044 eenole
641 2980 791 3049 suspicione
815 2984 914 3033 caret«.
939 2978 1063 3047 Tyrwh.
1093 2978 1211 3047 ›Musgn
1234 2997 1277 3031 σε-

150 3064 276 3128 μνοῦοθ’
292 3066 407 3120 coniecit
424 3082 478 3121 non
495 3067 633 3135 eleganter
649 3068 677 3120 in
692 3067 777 3134 epioo.
804 3066 884 3133 Quod
902 3081 952 3134 ego
969 3066 1143 3130 conieceram
1162 3065 1276 3133 μίμνειν,

152 3147 236 3202 etiam
261 3149 441 3206 liedemanno
467 3153 495 3205 iu
519 3159 635 3205 mentem
657 3151 762 3205 venisse
786 3157 881 3220 postea
905 3150 969 3205 vidi.
1003 3148 1105 3221 Ἐδίηνε
1127 3148 1277 3216 Hesychius

153 3232 263 3301 quidem
280 3232 414 3307 ίβρεγεν,
439 3236 570 3299 ἐμόλυνεν
589 3235 795 3304 interpretatur,
818 3236 864 3290 sed
883 3235 993 3289 dubium
1010 3240 1063 3298 est,
1087 3251 1122 3287 un
1144 3232 1276 3296 ἐμύλυνεν

152 3315 189 3374 ad
206 3319 299 3389 λμίηνε
317 3327 446 3389 spectet«.
465 3321 586 3384 Herm,
605 3321 651 3390 qui
669 3322 750 3374 etiam
761 3320 903 3389 Tyrwhitti
916 3319 1042 3383 ἀμίαντον
1057 3319 1167 3387 recepit.
1188 3318 1278 3372 Aliter

152 3402 257 3458 dehoc
274 3406 333 3459 loco
351 3405 479 3459 iudicavit
497 3405 568 3461 Wiel
585 3423 612 3475 p.
624 3410 658 3461 26
681 3407 726 3475 qui
746 3407 774 3459 iu
792 3405 939 3458 Hermauui
957 3404 1125 3466 coniectura,
1149 3411 1179 3457 ut
1196 3403 1277 3472 plana

151 3494 181 3543 et
198 3488 322 3558 simplici,
340 3490 531 3560 acquiesceret,
551 3493 616 3546 »uisi
635 3491 754 3547 scholion
772 3490 1000 3558 suprascriptum
1018 3489 1160 3556 genuinam
1178 3493 1276 3555 poetae

151 3587 260 3628 manum
278 3582 372 3643 aperte
390 3575 530 3630 referret«.
559 3575 658 3630 Wielio
677 3573 791 3629 enimin
810 3573 910 3627 scholio
923 3573 1032 3627 laudato
1044 3587 1097 3625 vox
1117 3570 1276 3637 ιδγνεύσειε

156 3659 302 3728 optabilem
320 3677 413 3716 ausam
429 3662 542 3731 praebet
558 3661 641 3715 verba
659 3662 702 3713 καί
720 3661 819 3723 σεμνὸν
838 3660 937 3714 certius
956 3657 1115 3712 emendandi
1133 3672 1213 3724 quam
1231 3657 1276 3711 ad·

150 3743 206 3799 huc
222 3744 323 3800 iactum
341 3753 407 3801 estc.
437 3747 537 3802 ascribi
556 3748 625 3801 enim
644 3746 719 3801 iubet
736 3746 880 3813 δγνεύοντ’
899 3742 971 3813 quod
989 3743 1046 3795 sine
1064 3741 1158 3795 scholii
1175 3741 1275 3797 auxilio

150 3844 207 3885 non
223 3830 303 3887 facile
321 3832 461 3902 quisquam
486 3833 639 3887 divinasset
674 3831 865 3898 Exemplorum
889 3828 1025 3884 luculenta
1049 3826 1127 3894 copia
1150 3832 1204 3889 est;
1228 3827 1275 3882 cfr.

150 3914 252 3970 Herod.
273 3921 295 3971 1.
318 3921 367 3971 140
384 3917 529 3986 ἁγνεύουσι
549 3918 634 3990 μηδὲν
653 3917 775 3988 ἔμψυχον
799 3917 913 3969 κτείνειν
932 3920 960 3968 et
978 3912 1100 3967 similiter
1121 3911 1277 3979 ύγνευταιδς

152 4000 212 4060 ζῶα
231 4002 300 4071 [ειο].
335 4000 410 4055 Idem
432 4002 529 4071 legisse
548 4003 655 4057 videtur
671 4000 855 4069 Epitomator‚
879 3999 925 4068 qui
943 3999 1011 4053 haec
1028 3997 1111 4052 habet
1129 4036 1214 4052 .....
1233 4001 1279 4051 καί

150 4101 214 4138 τινα
237 4085 404 4155 νηστεύοντα
430 4088 474 4140 καλ
500 4087 668 4155 καθαίροντα
695 4086 795 4139 ἑαυτόν
815 4105 906 4141 ....ιι
938 4084 1009 4139 Mira
1034 4083 1078 4138 hic
1100 4082 1213 4152 protulit
1235 4081 1277 4134 vir
