2866 4620
556 301 793 367 „143-

109 489 219 557 αὐτοῦ.
242 488 451 573 φυλακτήριον
474 486 510 551 δέ
531 482 594 553 ἐστι
621 482 781 574 κράτιστον
808 489 857 551 καί
887 483 968 573 πρὸς
995 483 1053 565 τάς
1081 487 1237 573 όθρομαν·

112 601 195 676 τείας
216 595 325 684 ἀκρως
346 602 483 662 ποιείτω.
506 597 562 663 ε’ἀν
584 599 621 662 δέ
644 622 687 675 τις
708 599 870 685 σταφυλῆς
893 600 1068 674 θαλασσίας
1083 598 1167 664 οίνον
1183 598 1234 687 πίη

111 713 161 775 καί
181 711 228 786 είς
251 708 364 794 μανίαν
388 711 571 795 περιτραπῇ,
600 709 712 794 τρίῴας
739 705 792 771 τὸν
821 708 907 774 λίθον
936 708 986 773 ἐπί
1016 708 1133 797 ἀκόνης
1158 709 1236 795 μεθ’

111 812 227 895 ίίδατος
249 819 336 884 δίδου
360 820 406 903 τῷ
426 818 616 905 μαινομένῳ.
641 819 796 905 περίαᾷυν
819 819 855 883 δὲ
877 818 966 906 αύτῷ
994 822 1044 884 καλ
1071 816 1125 885 τάν
1151 820 1238 887 λίθον

72 930 164 1011 δίπλ
184 927 239 995 τὸν
263 930 416 1018 τράχηλον
439 931 488 993 καί
510 930 685 1016 λυθήσεται.
708 928 848 1018 ἐπίχαριν
870 929 906 993 δὲ
930 926 982 994 τὸν
999 935 1159 1016 φοροῦντα
1175 936 1239 1009 τοίς

112 1039 251 1127 ὁμιλοῦσι
273 1044 361 1117 ποιεί,
384 1042 433 1103 καί
453 1030 705 1126 ῥητορικώτερον
728 1038 763 1103 ἐν
787 1044 850 1116 τοῖς
872 1038 984 1120 λόχοις.

198 1150 315 1226 Λίθυς
341 1149 517 1235 θῴιανός·
546 1148 638 1224 οὗτος
669 1152 722 1238 την
750 1150 854 1236 κλῆσιν
882 1144 1000 1233 ἔλαβεν
1029 1149 1093 1215 ἀπὸ
1119 1155 1172 1215 τοῦ
1200 1150 1241 1226 ίξ

112 1263 207 1329 αὐτοῦ
231 1257 419 1348 προβλέπειν
441 1262 490 1324 καί
523 1259 797 1345 προμαντεύεσθαι
826 1262 898 1337 τοὺς
926 1262 1075 1337 παλαιοὺς
1104 1258 1141 1324 τά
1164 1260 1239 1345 με’λ·

111 1374 215 1439 λοντα.
238 1373 399 1457 τρίβοντες
420 1368 484 1456 γὰρ
507 1372 599 1436 αὐτὸν
621 1375 670 1436 καί
689 1374 755 1458 ἅμα
777 1377 814 1460 τῇ
836 1367 1041 1459 εύωδεστάτη
1054 1371 1176 1459 σμύρνη
1189 1395 1235 1457 μι-

61 1509 97 1565 10
112 1483 240 1567 γνόντες
261 1484 309 1547 καί
332 1481 409 1546 κατὰ
430 1485 528 1565 πυρὸς
549 1479 782 1569 ε’πηοραίνσντες
805 1491 885 1568 πρὸς
907 1482 1119 1585 τάιςχκινησετς
1141 1481 1237 1549 αθτοῦ

112 1595 161 1658 καί
184 1593 221 1656 τά
241 1592 363 1673 ἅλματα
385 1590 531 1677 καθάπερ
553 1590 590 1657 ίκ
613 1596 666 1656 τοῦ
683 1593 820 1677 ἅλματος
835 1594 883 1657 καί
898 1594 927 1657 οί
941 1591 1153 1681 ηπατοσκόποι
1176 1596 1238 1657 τῶν

109 1702 288 1788 μελλόντων
304 1699 579 1789 κατεστοχιίζοντο.
602 1700 727 1783 λε’χουσι
743 1701 779 1765 δὲ
794 1701 888 1767 αὐτὸν
909 1704 957 1766 καί
973 1701 1095 1787 νεύρων
1112 1700 1238 1792 χαλεπὰ

113 1811 201 1900 πάθη
222 1811 332 1876 λάσθαι
354 1809 606 1895 ἐπιτασσόμενον
629 1814 678 1876 καί
699 1810 878 1894 ἀπαλείφειν
900 1813 1035 1889 λεπίδας.

197 1922 315 1999 Αίθος
331 1921 573 2010 χρυσόθριξ,
601 1924 618 1985 ό
642 1925 690 1987 καὶ
713 1926 766 1986 τοῦ
789 1925 874 2011 ἡλίου
891 1924 1090 2009 καλούμενος.
1113 1925 1239 2000 διπλοῦς

62 2056 96 2111 1⁶
113 2032 207 2111 οὕτος
228 2036 262 2097 τὸ
284 2032 382 2110 ελδσς·
411 2034 428 2095 ό
448 2033 507 2118 μὲν
528 2032 640 2110 ἐοικὼς
668 2033 869 2118 κρυστάλλῳ,
893 2036 969 2122 πλην
991 2037 1067 2099 ὅσον
1090 2033 1237 2118 καθάπερ

113 2142 235 2218 ἀκτίνίς
257 2167 336 2221 τινες
357 2145 389 2207 oi
409 2144 510 2232 τρίχες
532 2142 619 2232 αὐτῷ
638 2144 866 2229 ἐμπεφύκασιν·
890 2149 907 2211 ό
930 2146 967 2210 δὲ
989 2149 1035 2232 τῷ
1052 2145 1236 2236 χρυσολίθῳ

113 2249 192 2319 κατὰ
212 2256 273 2318 πάν
295 2256 414 2339 όμοιος,
434 2256 511 2343 πλην
534 2256 610 2319 ὅσον
626 2257 675 2319 καί
689 2255 778 2342 αὐτῷ
794 2255 940 2344 καθάπερ
956 2256 1076 2332 ἀκτῖνες
1091 2258 1122 2320 oi
1138 2256 1239 2346 τρίχες

114 2365 371 2451 περιαυχίζονται.
394 2365 442 2429 διὸ
466 2368 515 2430 καί
537 2368 566 2430 σί
581 2367 640 2451 μὲν
663 2365 726 2430 ἀπὸ
744 2371 804 2429 τῶν
822 2373 933 2456 τριχῶν
949 2366 1063 2442 αὐτούς
1071 2368 1238 2456 χρυσότρι·

107 2495 172 2565 χας
192 2474 374 2559 ὠνόμασαν,
398 2477 426 2539 oi
448 2475 484 2540 δὲ
507 2474 571 2539 ἀπὸ
594 2481 656 2539 τῶν
685 2479 818 2564 ηλιακῶν
847 2476 977 2541 ἀκτίνων
1005 2477 1092 2565 ηλίου
1122 2477 1237 2554 λίθους.

60 2608 98 2660 m
115 2583 308 2671 φορούμενοι
330 2586 366 2650 δὲ
384 2584 483 2666 οὗτοι,
510 2587 621 2672 φασίν,
649 2581 923 2672 εὐπρεπεστέρους
950 2589 999 2652 καί
1028 2586 1239 2673 σεμνοτέρους

115 2694 187 2772 τοὺς
208 2694 400 2780 ἀνθρώπους
424 2701 544 2763 ποιοῦσι
567 2700 615 2762 καί
638 2694 724 2784 παρὰ
744 2700 838 2763 πᾶσιν
861 2697 968 2773 αἰδοῦς
989 2697 1106 2773 ἀξίους.

199 2805 316 2882 Λίθος
342 2808 508 2896 μάγνης,
536 2811 556 2896 η
587 2811 636 2872 καὶ
662 2813 811 2896 μοχνητις
838 2808 1007 2896 λεγομένη,
1040 2809 1158 2898 ᾔςτινος
1185 2811 1239 2898 τὴν

196 2958 330 3021 θμανίας
348 2958 380 3012 V.
413 2990 447 3001 -
483 2962 560 3014 4-ts
585 2963 629 3015 καί
655 2963 704 3015 τὸν
731 2964 870 3036 τράχηλον
894 2964 943 3016 τὸν
970 2965 1048 3018 λίθον
1076 2964 1120 3017 καλ
1136 2963 1169 3018 V.
1197 2963 1239 3019 De

112 3040 224 3110 topatio
244 3040 313 3096 hoco
331 3042 415 3098 habet
431 3044 467 3098 C:
485 3045 560 3105 λίθος
576 3049 718 3108 τοπάζιον·
740 3048 789 3101 δάν
805 3067 846 3108 τις
863 3049 941 3101 λίθον
959 3050 1005 3121 πίη
1024 3049 1068 3102 καί
1086 3051 1125 3110 ελς
1140 3050 1239 3113 μανίαν

113 3133 271 3196 περιτροπῇ
290 3128 393 3196 τρίψας
409 3129 458 3181 τὸν
477 3131 551 3183 λίθον
570 3133 614 3185 dxi
631 3133 717 3205 ἀκόνη
733 3135 801 3197 μεθ’
819 3132 918 3194 θδατος
935 3135 1010 3188 δίδου
1028 3138 1067 3205 τῷ
1084 3135 1240 3205 μαινομένῳ

111 3211 158 3265 παλ
175 3212 401 3282 ἀπαιωρούμενον
422 3216 526 3270 ταυτὸν
546 3217 659 3272 δύναται
678 3220 721 3271 καί
737 3220 961 3290 ῥητορικώτερον
977 3220 1007 3270 λν
1020 3223 1075 3279 τοῖς
1087 3218 1176 3286 λόχοις
1193 3217 1239 3270 αδ-

114 3294 164 3349 td»
182 3296 377 3366 ἀπεργάζεται.
405 3299 527 3356 Plurima
547 3317 616 3371 quoe
633 3302 679 3357 hio
696 3303 729 3358 de
747 3304 855 3373 topocio
873 3310 1024 3370 narrentur,
1042 3302 1108 3358 sotio
1124 3301 1240 3359 fideliter

116 3384 293 3454 transscripta
311 3392 373 3439 sont
385 3402 400 3442 o
413 3387 598 3456 Damigeronis
618 3388 708 3444 libello
728 3390 792 3459 περὶ
809 3389 899 3443 λίθων.
919 3420 951 3430 -
972 3389 991 3441 7
1009 3389 1069 3443 Hoc
1086 3388 1145 3443 iooo
1164 3387 1240 3443 docet

114 3466 198 3536 optili
215 3468 359 3538 descriptio
378 3473 405 3526 in
427 3472 548 3527 omnibus
567 3474 710 3529 codicibus.
736 3506 766 3515 -
794 3475 882 3527 7-13
905 3474 1015 3545 Opsioni
1033 3472 1239 3541 descriptionem

113 3551 215 3607 omittit
226 3552 262 3621 B;
281 3554 302 3608 0
320 3573 372 3610 non
390 3558 442 3612 nisi
454 3558 523 3613 haec
537 3559 632 3613 habet:
650 3560 726 3621 λίθος
744 3560 858 3626 δφιανδς
876 3559 948 3614 οὕτω
966 3560 1113 3629 λεγόμενος
1131 3557 1238 3626 νεύρων

110 3635 218 3709 χαλεπὰ
235 3637 311 3710 πάθη
335 3641 408 3694 λάται
427 3642 645 3707 λπιπασσόμενυς
663 3644 707 3697 καί
724 3645 943 3713 λπαλειφόμινος.
974 3676 1005 3685 -
1033 3647 1060 3696 11
1078 3644 1106 3696 dx
1127 3645 1176 3696 τοῦ
1197 3640 1238 3694 ai-

112 3741 199 3788 ματος
211 3725 255 3778 καί
267 3728 294 3780 οί
304 3728 417 3799 ἥπατος,
435 3731 509 3783 κόποι
520 3731 554 3797 V,
573 3732 644 3800 quod
662 3732 774 3788 correxi.
789 3763 822 3773 -
839 3734 874 3787 1³
892 3732 1045 3799 ἀπαλείφειν
1064 3730 1172 3789 λεπίδος
1182 3743 1238 3784 cor·

113 3815 223 3879 ruptum
242 3808 355 3864 videtur.
378 3843 411 3852 -
437 3814 473 3865 14
493 3812 604 3883 Lapidis
622 3813 825 3884 chrysotrichoe
843 3814 1049 3883 descriptionem
1074 3829 1108 3867 ex
1127 3814 1149 3867 B
1167 3811 1239 3866 evul-

114 3894 190 3962 gavit
207 3893 311 3963 Tyrwh.
333 3925 361 3935 —
381 3897 415 3949 16
435 3899 451 3968 ἢ
473 3914 522 3967 pro
544 3898 572 3950 αί
591 3898 624 3952 V.
646 3930 674 3940 -
693 3900 729 3951 18
747 3899 861 3953 fortasse
880 3901 1106 3969 περιαυχάζονται
1123 3899 1238 3969 scripsit.

112 4006 147 4019 -
159 3979 195 4032 18
213 3979 287 4031 αὐτῶ
302 3998 386 4052 χροσ.
398 3983 429 4037 Β.
453 4012 475 4021 -
500 3983 541 4035 22
560 3983 600 4037 De
618 3983 770 4053 magnetido
787 3984 936 4039 Saracenos
953 3998 988 4039 ex
1006 3983 1130 4037 Sembuci
1147 3984 1239 4039 codice

113 4061 185 4118 inter
205 4063 370 4121 Dioscoridis
392 4067 483 4122 Nothe
505 4067 573 4122 hoec
597 4068 682 4123 edidit
705 4082 738 4121 ox
759 4074 852 4122 nostro
872 4068 990 4137 epitome
1014 4075 1044 4123 ut
1067 4068 1174 4125 videtur
1194 4085 1239 4123 ox·
