2866 4620
604 355 813 417 „62-

149 538 241 591 titulus
260 536 348 598 ἴασπις
365 539 392 591 in
412 538 476 591 MP
494 545 521 591 et
539 537 598 592 edd.
619 542 681 591 ante
699 537 804 604 Tyrwh.
828 537 892 605 περὶ
910 537 1030 598 ῖασαέιας
1053 538 1130 593 λίθου
1154 541 1188 608 Β,
1211 541 1279 610 περὶ

149 623 267 682 idoneor
276 623 372 676 Palv.
380 638 429 676 om.
438 621 542 690 Tyrwh.
553 623 642 675 Herm.
653 651 685 662 -
696 638 720 675 v.
730 621 791 673 267
798 622 940 692 γλαφυρήν
951 622 1105 691 requirebat
1118 623 1193 679 Wiel
1201 641 1228 694 p.
1234 630 1275 693 41,

149 724 207 762 cnm
226 706 316 766 ἴασπις
334 722 386 761 non
405 707 489 760 solnm
507 707 579 776 apud
602 707 668 761 alios
687 707 831 775 scriptores
849 722 941 760 verum
960 707 1041 761 etiam
1060 706 1134 776 apud
1153 715 1273 765 nostrum

149 799 184 856 (u.
196 794 258 859 270)
276 791 395 844 feminini
408 792 441 844 sit
454 794 567 858 generis.
588 793 741 861 »γλαφυρόν
755 791 913 845 vocabulum
925 797 1079 859 suspectum
1094 798 1122 846 et
1134 809 1153 847 a
1166 795 1275 850 notione

75 939 76 943 η
153 882 180 929 et
198 891 214 930 a
232 876 328 929 lorma:
349 892 365 930 a
383 877 490 929 notione
509 877 580 944 quod
599 893 651 930 non
663 876 742 930 iacile
756 876 899 943 intelligas,
918 876 982 944 qnid
994 877 1029 930 sit
1040 876 1107 930 illnd
1120 877 1156 932 de
1171 879 1275 953 iaspide

150 961 263 1023 dictum;
289 976 305 1015 a
323 962 415 1029 forma,
434 963 506 1030 quod
523 962 667 1032 γλαφυρὴν
687 962 855 1015 desideratur
873 1001 939 1014 ....
970 962 1116 1016 Praeterea
1132 963 1276 1032 γλαφυρὸς

150 1047 212 1101 alibi
231 1063 284 1101 non
303 1048 401 1115 legitur
418 1049 444 1101 in
463 1049 514 1102 hoc
534 1049 664 1114 carmine,
689 1062 769 1115 saepe
788 1047 923 1116 χλοερήν,
948 1047 1019 1115 quod
1037 1045 1167 1101 substitui
1185 1049 1274 1103 malim

150 1138 176 1184 et
194 1132 306 1200 intelligi
325 1133 357 1186 de
376 1134 484 1201 prasino
503 1133 592 1186 colore
610 1132 746 1200 subviridi,
765 1133 811 1200 qni
830 1132 926 1200 iaspidi
944 1147 961 1184 a
979 1146 1144 1199 gemmarum
1162 1135 1274 1203 scripto-

148 1216 221 1271 ribus
242 1217 339 1286 passim
362 1217 494 1271 tribuitur.
524 1216 640 1284 Egregie
658 1218 781 1270 convenit
801 1216 914 1270 alterurn
933 1217 1071 1285 epitheton
1090 1218 1272 1290 ἐαρόχραανι.

148 1302 206 1371 ligo
225 1303 368 1374 γλαφυρήν
387 1304 493 1369 retinui,
512 1317 545 1354 ne
558 1301 661 1355 duobus
680 1302 807 1368 epithetis
825 1302 937 1355 eandem
952 1301 1089 1356 notionem
1108 1303 1273 1372 expressisse

148 1394 228 1456 poeta
240 1389 376 1457 putandus
388 1389 434 1455 sit3
453 1394 595 1457 praeterea
612 1389 761 1457 γλαφυρόν,
781 1387 853 1456 qnod
870 1403 919 1456 per
937 1389 1079 1457 politum
1097 1389 1183 1442 uertit
1195 1389 1273 1442 Gesn

148 1488 201 1540 per
218 1473 412 1538 elegantem
428 1471 560 1526 Eschenb.
573 1472 644 1526 haud
658 1471 801 1526 absurdum
820 1486 878 1526 esse
892 1478 967 1540 puto.
981 1501 1010 1512 -
1031 1471 1186 1543 ἐαρόχρσσν
1199 1469 1279 1526 codd.

149 1562 176 1609 et
195 1555 254 1610 edd.
274 1571 378 1623 omnes3
398 1572 446 1624 pro
466 1573 516 1624 quo
536 1557 688 1626 ἀερόχρασν
707 1556 773 1610 coni.
789 1556 899 1610 Salmas.
912 1555 946 1609 ad
964 1555 1044 1613 Soliu.
1063 1573 1090 1624 p.
1105 1561 1181 1611 143a
1198 1557 1230 1619 B,
1248 1561 1274 1610 et

150 1641 271 1694 Bernard
290 1641 323 1693 ad
343 1639 457 1692 Psellum
480 1640 512 1693 de
533 1640 586 1706 lap.
606 1656 632 1707 p.
654 1642 692 1708 17,
715 1639 844 1693 vertendo
863 1645 1053 1708 expresserunt
1070 1641 1203 1705 (aerini
1222 1655 1274 1694 co·

149 1726 250 1791 loris)
272 1723 404 1777 Eschenb.
423 1729 450 1776 et
468 1724 560 1790 Gesn.;
578 1723 701 1791 probavit
719 1724 803 1778 Koen.
822 1725 856 1778 ad
875 1724 955 1792 Greg.
968 1724 1086 1778 Corinth.
1106 1740 1133 1792 p.
1147 1729 1190 1780 33.
1222 1725 1273 1780 sm

150 1816 223 1863 recte
238 1815 331 1864 contra
344 1810 461 1878 Tyruh.:
484 1808 559 1876 »Ego
572 1824 636 1862 sane
649 1825 682 1862 an
696 1809 783 1877 prima
795 1810 822 1862 in
837 1809 991 1880 ἀερόχρσσς
1003 1809 1101 1876 corripi
1113 1810 1210 1878 possit,
1229 1809 1274 1864 du·

150 1895 221 1961 bito;
241 1900 269 1948 et
287 1899 428 1962 praeterea
448 1894 520 1947 nulla
538 1894 685 1947 mutatione
708 1909 775 1961 opus
793 1909 850 1947 esse
869 1910 973 1962 censeo,
993 1910 1052 1949 cnm
1070 1894 1206 1948 virides
1223 1896 1275 1955 ins·

149 1979 224 2049 pides
243 1980 387 2047 scriptores
409 1978 441 2032 de
460 1979 571 2047 gemmis
588 1980 688 2046 passim
707 1986 876 2046 agnoscant«.
922 1979 1049 2034 Probavit
1066 1980 1118 2034 hoc
1137 1979 1275 2034 Ruhnken

147 2066 175 2118 in
191 2065 260 2119 Bibl.
280 2064 344 2118 (irit.
357 2064 422 2117 VIII
441 2079 466 2130 p.
485 2067 519 2118 92
537 2064 615 2116 simul
634 2079 743 2117 monens
762 2064 939 2131 Tyrwhittnm
957 2079 1031 2118 suam
1049 2064 1175 2118 vocabuli
1194 2065 1279 2134 &apd-5

147 2169 233 2221 χραας
254 2148 460 2217 explicationem
479 2145 636 2200 confirmare
660 2148 779 2215 potuisse
807 2164 841 2201 ex
869 2147 1070 2202 Hemsterhusio
1097 2147 1132 2201 ad
1162 2149 1276 2205 Luciam

149 2236 253 2302 Nigrin.
272 2249 298 2301 p.
317 2237 358 2286 52.
389 2231 533 2286 Salmasius
552 2232 714 2303 ἀερόηρασν1
729 2247 805 2285 suum
823 2248 857 2286 ex
875 2232 1003 2301 Dionysio
1021 2232 1167 2300 Periegeta
1187 2232 1279 2289 firma.

148 2325 233 2386 verat,
252 2318 298 2385 qni
316 2333 340 2369 v.
355 2318 405 2371 724
422 2316 555 2383 iaspidem
573 2317 725 2386 hepteconta
745 2319 899 2386 appellavit.
932 2318 1055 2372 »Addere
1073 2324 1185 2386 poterat
1200 2319 1276 2375 Psel-

147 2404 202 2456 lum
220 2401 254 2456 de
272 2401 368 2469 Lepid.
387 2403 404 2470 ἡ
423 2400 513 2460 ἴασπις
536 2401 618 2468 φύσει
642 2402 878 2472 κρασταλλαειδής,
905 2403 994 2471 ὀλίγον
1018 2403 1207 2473 ἐπιτεινομένη
1224 2405 1278 2474 την

144 2487 260 2560 χροιάν·
284 2487 327 2538 καὶ
348 2487 447 2555 ἀρίστη
465 2485 514 2550 μὲν
533 2488 550 2555 ἡ
569 2487 766 2554 πορφύρουσα·
786 2486 843 2539 ἔστι
861 2488 891 2539 δέ
914 2505 953 2547 τις
971 2488 1014 2539 καὶ
1032 2487 1185 2558 ἀερσειδης.
1223 2489 1275 2544 Sed

149 2574 274 2643 qnoniam
291 2576 434 2640 utrumque
459 2570 494 2624 ad
517 2586 637 2639 gemmae
660 2572 791 2638 colorem,
814 2574 860 2640 qni
884 2587 937 2626 nnn
958 2589 1026 2627 unus
1048 2578 1102 2640 est,
1126 2587 1216 2642 aeque
1235 2578 1277 2627 est

147 2657 376 2714 accommodatum
400 2661 427 2709 et
450 2656 605 2726 ἐαρόχραον
630 2671 791 2723 quamquam
807 2655 852 2709 hic
871 2661 974 2710 tantum
998 2662 1149 2724 repertum,
1175 2656 1276 2711 bonnm
1349 2652 1351 2681 ²

147 2742 264 2796 admittit
283 2743 455 2810 explicatum,
474 2758 527 2795 non
546 2740 632 2803 video,
651 2757 698 2794 cnr
717 2739 788 2807 quod
800 2741 930 2795 habemus
948 2742 1004 2795 sine
1016 2755 1098 2795 causa
1109 2741 1280 2797 amittamus·

147 2827 193 2882 Sin
211 2843 275 2882 vero
294 2827 421 2881 audacius
440 2825 498 2879 fieri
516 2825 597 2879 alicui
613 2825 742 2891 videatur,
761 2830 792 2877 ut
810 2826 906 2880 coloris
924 2825 997 2880 notio
1016 2826 1051 2879 ab
1069 2825 1132 2878 anni
1150 2831 1276 2894 tempore

148 2911 268 2974 duntur,
288 2912 311 2965 is
329 2918 403 2965 certe
421 2926 474 2964 non
493 2909 627 2963 dubitabit
645 2909 701 2962 eins
714 2909 786 2963 vocis
799 2910 928 2978 originem
944 2910 1042 2965 ducere
1059 2911 1093 2964 ab
1110 2911 1277 2976 sanctione,

148 3010 201 3062 qua
221 2993 273 3062 ἔαρ
292 2994 426 3062 significat
444 3000 474 3048 ut
492 2995 525 3048 de
543 2993 721 3047 animantibus
739 2996 909 3063 sauguinem,
933 2997 971 3050 ita
994 2996 1027 3050 de
1050 2996 1151 3065 plantis
1172 3011 1280 3051 sucum·

148 3079 201 3132 Gir.
221 3078 273 3147 ἔαρ
299 3079 388 3147 ἐλαίης
411 3079 470 3133 Nic.
488 3079 531 3133 Al.
551 3079 592 3134 87.
611 3082 669 3133 314.
690 3079 791 3134 Gallim.
811 3081 904 3149 fragm.
922 3085 981 3135 201.
1017 3082 1113 3149 Itaque
1134 3080 1276 3148 prasinum

150 3162 264 3218 colorem
283 3162 396 3218 indicari
412 3163 498 3223 uides,
517 3163 596 3216 sicuti
613 3163 745 3233 prasoidis
763 3165 869 3219 nomine
887 3166 959 3234 apud
971 3167 1038 3219 Plin.
1051 3167 1092 3220 st.
1104 3169 1128 3218 8.
1142 3169 1177 3219 32
1194 3165 1276 3234 iaspi-

148 3249 188 3303 dis
211 3249 343 3318 quaedam
366 3249 469 3318 species
492 3248 652 3318 appellatur.
687 3250 806 3304 Similem
829 3250 925 3305 coloris
947 3244 1169 3319 significationem
1191 3249 1276 3305 habe·

147 3350 206 3389 mus
224 3335 252 3387 in
270 3334 383 3402 Aglaiae
401 3335 544 3402 Byzantini
570 3335 685 3389 carmine
705 3335 822 3403 medico,
845 3336 890 3389 ubi
908 3340 949 3389 est
967 3335 1042 3395 λίθος
1060 3335 1216 3407 εἰαριήτης,
1241 3335 1276 3391 nh

148 3419 206 3487 ipso
226 3419 355 3487 scriptore
374 3419 538 3486 explicatum
550 3435 599 3487 per
610 3421 774 3474 haematiten
787 3420 926 3488 lapidem«.
945 3421 1032 3474 Wiel
1049 3420 1066 3473 l.
1078 3421 1095 3474 l.
1116 3450 1146 3460 -
1166 3438 1193 3475 v.
1211 3423 1276 3477 268

149 3503 212 3574 ἱερὰ
235 3505 310 3572 ρέζαι
329 3523 369 3563 τις
391 3504 467 3558 codd.
487 3510 514 3558 et
539 3505 598 3559 edd.
617 3511 679 3559 ante
703 3506 793 3558 Herm.
813 3506 860 3573 qui
883 3504 1007 3558 correxit.
1031 3506 1081 3573 (τις
1104 3505 1162 3558 Pal.
1181 3508 1224 3567 τίς
1241 3507 1281 3574 V)-

148 3589 248 3641 ἕένεται
266 3588 332 3642 BV.
351 3619 384 3629 -
401 3606 425 3644 v.
446 3591 508 3642 270
528 3589 576 3659 ἠδὲ
601 3591 644 3642 καὶ
667 3590 840 3661 αὐχμηρῇσιν
865 3587 924 3657 ἄγοι
947 3589 1023 3644 codd.
1041 3593 1162 3658 <praeter
1182 3593 1203 3644 B
1231 3593 1278 3661 qui

148 3679 235 3728 totum
251 3687 357 3726 versum
376 3689 427 3726 om.
445 3673 657 3741 haplographica
684 3675 869 3742 neglegentia3
897 3674 1074 3744 αὐχμηραῒσιν
1093 3674 1135 3741 Μ)
1162 3680 1191 3729 et
1216 3676 1287 3736 edd,

149 3762 211 3812 onte
224 3758 315 3810 Herm.
328 3787 361 3797 -·
377 3773 401 3810 v.
415 3759 467 3812 270
483 3764 514 3810 ut
526 3772 560 3809 ex
573 3757 661 3825 glossa
673 3763 764 3811 uatum
777 3758 860 3811 deleri
875 3759 960 3812 voluit
972 3758 1105 3812 Ruhnken
1116 3756 1170 3826 Ep.
1183 3759 1252 3814 crit
1265 3760 1279 3813 Ι

72 3839 74 3842 ’
149 3859 175 3910 p.
193 3847 235 3910 55,
254 3857 313 3895 curn
335 3843 490 3911 καρφαλέας
507 3857 557 3910 per
575 3844 726 3914 αὐχμηραῖς,
752 3844 878 3911 νεφέλαις
895 3843 1040 3912 καρέσοασι
1057 3856 1106 3910 per
1123 3842 1209 3894 πολὺν
1231 3844 1279 3910 ὄμ-

151 3927 221 3994 βρον
235 3923 330 3993 ἄγουσι
342 3927 498 3994 explicetur.
524 3927 573 3981 Oui
586 3926 726 3981 oblocutus
738 3933 779 3981 est
791 3927 869 3982 Geso.
888 3928 1016 3981 »multum
1027 3926 1097 3980 enim
1108 3929 1214 3995 negotii
1227 3931 1280 3986 sibi

150 4009 299 4063 lacessierit
311 4011 356 4078 qui
369 4013 546 4080 tautologiae
562 4013 612 4066 hoo
625 4027 710 4081 genus
728 4028 762 4066 ex
774 4012 963 4080 antiquissimis
976 4011 1125 4080 quibusque
1137 4011 1280 4086 Romanis,

150 4095 272 4159 Graecis,
295 4096 473 4150 Orientalibus
499 4112 652 4165 expungere
672 4096 762 4152 velit«.
804 4096 930 4152 Probavit
947 4099 998 4152 hoc
1020 4095 1148 4150 iudicium
1167 4099 1280 4169 Tyrwh.
